3278 5318
424 445 815 493 OONGREGATIONES
844 445 1230 495 PRAELIMINARES.
1357 443 1431 497 ‘XXV

200 601 349 668 Danum*
362 623 395 668 se
415 624 541 688 sperare
562 600 744 667 Concilium
765 600 853 666 istud
874 601 1002 667 favente
1030 602 1093 668 Dei
1118 605 1222 690 gratia
1245 616 1276 669 et
1300 605 1432 675 interce*

200 700 294 767 dente
306 701 347 768 B.
362 701 513 789 Virgine,
529 700 671 766 Patrona
685 702 814 783 Nostra,
829 701 927 765 talem
941 702 1066 766 exitum
1081 702 1266 767 habiturum
1282 704 1359 787 fore,
1373 705 1432 792 qui

200 804 286 871 votis
305 803 433 872 Summi
454 804 621 871 Pontificis
642 803 697 871 fel.
715 827 782 892 reg.
803 798 1007 890 responderet
1028 815 1125 892 atque
1145 806 1187 870 ad
1209 806 1272 871 Dei
1293 806 1431 894 gloriam

199 907 339 973 maxime
351 907 603 995 promovendam
624 908 820 974 conduceret.

242 1011 275 1080 Ι.
305 1011 423 1077 Lectus
442 1018 491 1077 est
510 1010 626 1077 deinde
638 1012 885 1099 etapprobatus
905 1011 1070 1078 Elenchus
1083 1013 1305 1100 Synodalium.
1351 1016 1432 1083 Pro·
1552 996 1554 1001 ¹

199 1125 338 1203 ponente
365 1113 614 1202 Archiepiscopo
644 1114 680 1182 S.
706 1113 868 1181 Ludovici
895 1124 929 1181 et
962 1116 1092 1183 favente
1119 1117 1369 1205 Archiepiscopo
1397 1117 1431 1186 S.

200 1217 363 1285 Francisci
377 1218 500 1305 placuit
512 1219 658 1306 patribus
671 1218 820 1284 omnibus
833 1219 1003 1286 concedere
1015 1228 1130 1287 votnm
1143 1219 1320 1286 decisivum
1335 1221 1432 1308 Epis·

199 1322 287 1409 copis
301 1321 548 1409 coadjutoribus
561 1330 594 1386 et
607 1321 648 1388 iis
661 1322 719 1409 qui
733 1320 861 1387 sedibus
874 1323 941 1388 suis
954 1323 1179 1389 renuntiarunt
1191 1346 1314 1389 necnon
1336 1324 1433 1411 Epis·

199 1448 352 1512 coporum
373 1423 428 1491 vel
457 1425 753 1491 administratorum
780 1426 1047 1512 procuratoribus
1091 1425 1281 1514 Suggerenti
1302 1427 1433 1495 Cincin·

200 1529 332 1613 natensi,
355 1537 394 1595 nt
418 1527 601 1596 Concilium
628 1536 820 1616 protestetur
847 1551 882 1594 se
910 1529 997 1595 nolle
1023 1537 1063 1595 ut
1090 1531 1213 1597 actione
1239 1553 1299 1597 sna
1326 1531 1432 1597 ullum

199 1632 429 1721 praejudicium
451 1633 487 1698 in
508 1632 620 1698 futuro
641 1632 707 1716 fiat,
721 1632 888 1718 respondit
910 1632 1071 1699 Patrensis
1093 1656 1161 1699 rem
1179 1634 1274 1700 istam
1296 1634 1433 1701 decisam

199 1758 264 1802 esse
276 1760 297 1802 a
310 1736 345 1803 S.
360 1736 625 1824 Congregatione,
640 1744 677 1800 ut
689 1744 823 1822 apparet
836 1759 877 1800 ex
898 1746 975 1802 nota
988 1737 1128 1823 subjecta
1149 1738 1214 1804 No.
1230 1740 1274 1804 60
1296 1737 1433 1805 Concilii
1553 1736 1560 1750 ‘

200 1839 442 1906 Baltimorensis
457 1839 601 1905 Plenarii
614 1839 668 1906 ΙΙ.

244 1943 329 2010 Cum
342 1966 420 2011 vero
433 1942 475 2010 de
494 1943 593 2010 electo
608 1943 769 2031 Episcopo
783 1944 1037 2031 Covingtonensi
1051 1955 1084 2012 et
1096 1944 1232 2014 Vicario
1247 1947 1433 2032 Apostolico

200 2047 353 2114 Idahensi
373 2056 530 2136 ageretur,
552 2047 728 2135 Delegatus
742 2047 948 2134 Apostolicus
968 2071 989 2113 a
1010 2048 1175 2115 Praefecto
1194 2048 1229 2116 S.
1253 2049 1433 2136 congrega-

199 2151 296 2218 tionis
322 2150 364 2217 dc
392 2151 491 2238 Prop.
521 2150 606 2217 Fide
632 2151 847 2237 telegraphicc
873 2151 1051 2238 quaesivitz
1097 2153 1117 2238 f‘
1128 2151 1291 2218 Poteritnc
1318 2162 1433 2219 votnm

199 2254 376 2322 decisivum
404 2254 533 2322 concedi
566 2254 727 2322 Glorieux
763 2253 926 2341 Massqne,
955 2254 1110 2341 episcopis
1137 2254 1253 2339 electis,
1282 2255 1433 2322 brevibus

198 2352 344 2426 nondum
357 2355 565 2446 acceptisl'’¹

242 2461 362 2550 Rogati
375 2472 453 2529 sunt
465 2472 683 2551 procuratores
696 2471 735 2528 ut
751 2462 859 2528 literas
879 2462 1112 2551 procurationis
1133 2463 1330 2549 exhiberent,
1344 2460 1433 2552 quod

197 2588 273 2632 cum
286 2566 435 2632 fecissent
448 2566 548 2633 Adm.
563 2566 606 2633 R.
622 2566 749 2632 Phelan
762 2576 794 2632 et
808 2567 892 2632 Rev.
906 2567 1029 2653 Joseph
1044 2566 1215 2632 Lemmens
1229 2576 1432 2634 recesserunt.

242 2670 295 2737 ΙΙ.
325 2669 425 2736 lecto
438 2677 471 2736 et
483 2669 659 2757 approbato
673 2669 818 2756 catalogo
831 2667 1027 2734 Officialium
1044 2670 1192 2754 Consilii,
1206 2692 1340 2756 sequens
1353 2670 1433 2735 ordo

198 2771 454 2859 Deputationum
469 2773 701 2860 Episcoporum
716 2781 749 2838 et
767 2772 1004 2860 Theolcgorum
1017 2795 1114 2861 super
1126 2771 1271 2840 diversos
1284 2772 1433 2840 Schema-

198 2877 242 2942 tis
256 2876 367 2942 titulos
379 2885 413 2942 et
425 2877 529 2964 capita
543 2877 764 2964 promulgatus
778 2886 845 2942 estc
1344 2912 1346 2916 ν

546 3103 576 3168 Ι.
606 3103 827 3188 Depatutionea
848 3103 1083 3189 Episcoporum.

428 3339 640 3440 Dspu'mrro
662 3337 692 3403 Ι.
708 3337 829 3402 Suras
851 3338 976 3404 Novas
998 3338 1203 3404 llsrnnms.

366 3523 494 3589 Illmus.
510 3532 543 3589 et
557 3523 671 3588 Rmus.
688 3523 811 3610 Archp.
828 3523 1054 3590 Bostcniensis.

416 3629 437 3664 “
605 3628 625 3663 “
737 3628 757 3663 “
831 3626 1098 3695 Milwaukiensis.

418 3734 439 3768 “
607 3733 628 3768 “
737 3733 758 3767 “
832 3729 1082 3817 Chicaginensis.

453 3967 667 4033 Dnrurnmo
689 3967 740 4033 H.
763 3967 885 4033 Suras
906 3967 1180 4033 Carncnrsnun.

366 4153 496 4220 Illmus.
510 4162 544 4219 et
557 4153 672 4220 Rmus.
687 4153 811 4239 Archp.
826 4152 874 4219 St.
890 4152 1061 4220 Francisci.

416 4258 437 4294 “
604 4259 625 4294 “
699 4255 806 4343 Episc.
821 4255 1111 4343 Burlingtonensis.
1162 4312 1165 4317 .

234 4477 340 4532 ¹Emus.
355 4477 506 4530 Praefectus
521 4493 569 4545 per
585 4476 709 4528 nuntium
726 4475 935 4543 telegraphicum
951 4475 1100 4542 respondit:
1120 4474 1310 4540 “Affirmatire,
1323 4473 1432 4526 subscri·

200 4560 265 4613 hant
275 4569 305 4614 ut
317 4559 442 4629 Episcopi
450 4559 552 4614 elecu'l'
