3278 5318
207 506 270 570 286
297 594 299 598 Α
700 518 943 567 erpsunrx.

204 687 340 764 quantae
354 698 390 742 ea
403 676 527 742 miseris
540 675 626 740 hisee
639 673 836 761 temporibus
850 674 959 740 futura
973 674 1016 739 sit
1029 673 1175 742 utilitati.
1220 674 1276 740 Ex
1289 672 1442 761 precandi

204 789 311 846 autem
332 780 480 845 formulis
501 802 571 844 eam
594 777 747 864 Episcopi
767 777 1036 843 commendabunt
1055 779 1205 861 maxime,
1218 800 1302 866 quae
1321 799 1342 843 a
1362 777 1439 843 Dei·

204 906 299 971 parae
323 883 460 948 Rosa-rio
485 904 602 947 nornen
630 880 735 964 habet,
760 903 921 969 quamque
947 888 1112 968 tamquam
1136 880 1441 968 praestantissimam

203 985 409 1073 amplissimis
423 985 573 1051 laudibus
591 983 679 1051 haud
698 983 745 1050 ita
762 985 888 1071 pridem
906 984 1131 1051 Sanctissimus
1145 984 1308 1051 Dominus
1322 985 1443 1051 Noster

174 1098 178 1107 “
204 1099 415 1178 prosequutus
428 1098 477 1156 est
489 1099 522 1155 et
536 1089 768 1176 impensissime
781 1088 964 1155 inculcavit.
1005 1087 1099 1153 Inter
1111 1111 1208 1175 opera
1220 1111 1298 1155 vero
1311 1089 1442 1175 pietatis

180 1269 185 1276 ι
203 1217 241 1260 ea
259 1194 390 1281 eligant,
405 1216 487 1280 quae
507 1193 590 1259 obiri
611 1191 653 1257 ab
675 1192 716 1257 iis
736 1192 840 1258 solent
852 1192 909 1278 qui
923 1192 1042 1257 wedam
1063 1192 1096 1258 S.
1114 1192 1278 1258 Francisci
1292 1192 1441 1258 Ordinem

204 1299 402 1384 profitentur,
419 1299 503 1362 inter
517 1319 597 1384 qucs
616 1297 698 1361 sicut
717 1304 749 1361 ct
768 1296 852 1360 inter
864 1295 987 1361 sodales
1001 1295 1034 1362 S.
1051 1296 1219 1364 Vincentii
1233 1320 1253 1361 a
1267 1295 1373 1362 Paulo
1387 1296 1441 1363 vel

204 1401 368 1467 Marianos
389 1424 455 1489 quo
475 1401 584 1487 plures
605 1400 674 1465 fieri
699 1400 817 1486 poterit
836 1398 1078 1466 conscribendos
1098 1399 1266 1483 curabunt,
1288 1408 1327 1466 nt
1346 1422 1441 1487 prae·

202 1504 378 1571 clarissima
391 1528 486 1592 opera
499 1527 581 1591 quae
601 1512 691 1569 tanto
712 1526 786 1568 cum
807 1503 954 1569 catholici
976 1504 1062 1570 orbis
1083 1503 1199 1591 plausu
1213 1512 1245 1568 et
1258 1504 1441 1569 animarum

203 1607 310 1674 fructu
324 1609 365 1674 ab
379 1608 491 1674 iisdem
505 1616 711 1694 peraguntur,
726 1606 822 1672 latius
836 1606 953 1673 indies
967 1616 1106 1674 manent.

249 1714 321 1779 10⁰.
344 1712 516 1799 Optimum
529 1710 666 1798 denique
685 1711 773 1776 factu
794 1719 884 1794 esset,
898 1711 927 1776 si
941 1711 997 1777 ubi
1020 1711 1055 1776 id
1076 1711 1219 1778 locorum
1238 1722 1269 1778 et
1289 1735 1441 1799 persona·

202 1839 276 1882 rum
290 1816 441 1881 adiuncta
453 1814 598 1898 siverint,
613 1814 784 1880 catholicae
797 1815 999 1880 scientiarum
1011 1815 1201 1880 Academiae
1213 1815 1439 1900 excitarentur,

203 1920 317 2008 illique
335 1919 487 2006 perutiles
505 1926 680 1984 conventus
698 1940 754 1983 seu
768 1917 962 2002 Οοιιφειιιω,
976 1918 1025 1983 uti
1039 1927 1164 2002 vocant,
1179 1919 1384 2003 haberentur,
1397 1919 1441 1986 ad

202 2047 282 2112 qnos
303 2025 399 2088 unius
417 2023 471 2088 vel
494 2022 637 2109 plurium
659 2022 827 2109 regionum
849 2021 1012 2086 lectissimi
1033 2022 1178 2087 homines
1199 2021 1441 2109 deputarentur,

202 2150 317 2215 eosque
340 2127 517 2213 praeseutia
541 2148 600 2191 sua
621 2148 783 2191 sacrorum
805 2125 978 2191 Antistitea
1002 2125 1168 2192 honestare
1192 2148 1258 2191 non
1282 2125 1441 2215 dedigna-

202 2241 323 2314 rentur,
355 2239 391 2295 ut
419 2230 516 2295 simul
545 2217 689 2295 consilia
706 2229 753 2294 rei
789 2228 961 2294 catholicae
988 2227 1210 2316 provehendae
1237 2229 1300 2295 sub
1327 2253 1441 2297 eomm

202 2336 352 2421 auspiciis
376 2335 462 2417 iniri,
479 2342 512 2400 et
532 2355 614 2421 qnae
635 2341 707 2399 tum
728 2331 805 2398 huie
822 2341 894 2398 tum
914 2331 1062 2420 publicae
1083 2332 1216 2399 utilitati
1237 2333 1341 2421 magis
1364 2357 1441 2401 con·

202 2439 320 2522 ferunt,
340 2438 439 2503 statui
460 2436 757 2524 possent-Neque
777 2420 836 2501 abs
856 2459 890 2502 re
910 2444 990 2502 esset
1011 2437 1049 2521 si,
1071 2437 1128 2523 qui
1149 2436 1212 2502 sibi
1237 2437 1441 2524 provinciam

201 2541 451 2628 depoposcerunt
472 2540 607 2609 assiduis
627 2540 753 2627 scriptis
774 2549 806 2606 et
828 2539 1102 2606 lucubrationibus
1115 2539 1308 2607 defendendi
1322 2541 1387 2606 Dei
1405 2552 1441 2608 et

203 2645 362 2710 Ecclesiae
382 2645 462 2728 iura,
477 2653 509 2711 et
529 2643 690 2710 recidendi
711 2666 813 2710 novos
827 2643 885 2732 qui
906 2644 941 2709 in
955 2644 1024 2709 dies
1044 2644 1249 2711 sobolescunt
1268 2667 1393 2711 errores
1405 2655 1440 2711 et

201 2749 430 2831 cavillationes,
451 2749 566 2813 comato
586 2749 718 2833 αφιιὶηε,
741 2747 910 2835 Episcopis
931 2748 1077 2831 ducibus,
1098 2748 1297 2816 dimicarent.
1347 2749 1438 2815 Fieri

201 2853 288 2918 enim
312 2874 379 2916 non
403 2860 517 2938 potest,
542 2852 632 2938 quin,
657 2851 686 2917 si
711 2852 797 2918 vires
824 2874 934 2917 omnes
962 2874 1044 2939 quae
1069 2851 1200 2920 vividae
1222 2852 1338 2936 adhue,
1365 2852 1440 2919 Deo

201 2955 387 3042 opitulante,
403 2956 437 3018 in
454 2954 595 3020 Ecclesia
608 2956 721 3042 vigent
741 2954 923 3043 valentque,
937 2955 973 3019 in
995 2954 1081 3020 idem
1102 2957 1328 3040 consenserint,
1342 2957 1439 3023 uber·

200 3059 277 3124 rimi
289 3059 468 3124 referantur
481 3059 604 3124 fruetus
617 3057 660 3124 ad
678 3057 864 3123 hodiernam
879 3057 1048 3123 hominum
1062 3059 1241 3125 societatem
1255 3059 1298 3125 ab
1311 3059 1438 3127 exitiali

201 3163 384 3251 iniquarum
397 3172 554 3228 sectarum
567 3162 755 3249 contagione
768 3161 1006 3246 vindicandam,
1020 3171 1052 3227 et
1067 3163 1102 3227 in
1117 3161 1239 3229 Christi
1256 3162 1439 3230 libertatem

200 3266 409 3333 asserendam.

245 3372 318 3437 110.
341 3372 435 3451 Quae
448 3369 599 3436 hactenus
613 3369 776 3458 proposita
788 3378 875 3454 sunt,
889 3369 977 3435 haud
998 3371 1044 3436 ita
1065 3369 1158 3437 facile
1175 3380 1322 3458 optatum
1337 3372 1437 3438 finem

200 3484 414 3562 assequentur,
429 3474 492 3539 nisi
514 3474 600 3540 vires
620 3474 783 3557 uniantur,
797 3496 835 3538 ae
855 3474 990 3560 proinde
1010 3473 1074 3539 nisi
1095 3474 1336 3561 Archiepiseopi
1358 3498 1436 3542 eum

200 3579 267 3643 suis
287 3577 494 3665 suffraganeis
515 3600 580 3643 una
597 3577 814 3643 consuluerint
833 3586 868 3643 et
887 3577 1064 3661 statuerint,
1079 3578 1159 3665 quid
1180 3579 1264 3643 facto
1286 3601 1369 3666 opus
1381 3580 1436 3664 sit,

201 3690 238 3747 ut
250 3680 399 3766 Supremi
414 3680 555 3746 Pastoris
568 3680 734 3746 desideriis
747 3677 987 3746 obsecundetur.
1032 3681 1143 3765 Cuius,
1158 3681 1241 3747 sicut
1261 3691 1294 3747 et
1314 3682 1435 3770 Supre-

200 3807 270 3851 mae
283 3784 413 3850 huiusce
427 3784 698 3872 congregationis,
714 3785 749 3849 in
763 3784 848 3851 votis
866 3792 914 3850 est
928 3793 966 3850 ut
984 3808 1094 3850 eorum
1108 3786 1229 3872 singuli
1244 3787 1436 3874 quantocius

200 3888 391 3970 renuntient,
420 3896 454 3953 et
488 3888 695 3974 imposterum
723 3889 847 3975 quoties
882 3897 1002 3953 statum
1030 3887 1207 3954 describent
1241 3888 1434 3974 dioeceseon,

199 3994 316 4059 referre
337 4014 377 4057 ne
397 3993 658 4079 praetermittant,
673 3993 753 4079 quid
773 3994 909 4080 quisque
921 3992 975 4058 vel
993 3992 1184 4079 singillatim
1198 3992 1251 4060 vel
1273 4014 1339 4059 una
1358 4015 1435 4060 cnm

199 4096 265 4162 suis
288 4095 324 4161 in
347 4095 543 4182 Episcopatu
564 4094 694 4183 collegis
717 4095 850 4183 egerint,
872 4103 905 4161 et
927 4118 1022 4182 quem
1045 4097 1169 4161 exitum
1192 4119 1302 4162 eorum
1326 4095 1435 4165 studia

199 4200 312 4266 sortita
331 4198 461 4266 fuerint.

242 4302 366 4370 Datum
380 4302 501 4369 Romae
515 4325 556 4368 ex
571 4302 768 4370 cancellaria
782 4302 815 4369 S.
831 4301 872 4369 Ο.
887 4302 940 4368 die
957 4305 999 4368 10
1014 4302 1096 4368 Maii
1113 4308 1208 4371 1884.

876 4456 1060 4522 Rarnsm.
1082 4457 1195 4524 Gran.
1219 4457 1386 4523 Mosreo.
