3278 5318
213 499 271 564 xiv
496 516 730 564 nncnnrnn
759 517 1162 566 rnonnncamonrs.

212 671 330 738 simum
350 671 471 740 tulisse.
516 672 602 740 Cum
626 672 713 739 enim
738 672 876 739 Consilii
900 673 1024 739 decreta
1053 672 1309 738 Eminentissimi
1335 673 1446 740 Patres

212 775 308 842 Sacro
328 776 474 854 Consilio
495 776 679 843 Christiano
699 777 835 842 Nomini
852 776 1058 864 propagando
1071 777 1243 864 praepositi
1255 787 1401 844 accurata
1414 787 1446 844 et

211 879 360 968 diligenti
387 880 595 968 inquisitione
623 879 856 967 expendissent,
885 881 1120 967 nonnullasque
1146 880 1382 947 emendationes
1408 904 1446 948 ac

212 983 463 1049 modificationes
489 985 685 1071 adjecissent,
707 984 817 1050 eadem
845 993 885 1050 ut
911 985 953 1050 ab
980 985 1130 1050 omnibus
1153 983 1196 1050 ad
1221 1008 1302 1071 quos
1326 994 1446 1072 spectat

211 1086 442 1154 inviolabiliter
454 1087 664 1154 observentur
679 1098 941 1176 recognoverunt.
985 1087 1158 1153 Decretum
1172 1087 1232 1153 hac
1245 1088 1343 1172 dere,
1357 1087 1445 1177 quod

211 1190 268 1256 SS.
280 1191 441 1258 Dominus
454 1192 573 1258 Noster
586 1201 659 1278 post
672 1191 858 1258 relationem
871 1191 1037 1258 Secretarii
1050 1191 1192 1279 ejusdem
1205 1192 1293 1258 Sacri
1309 1192 1444 1258 Consilii

210 1295 355 1380 expediri
377 1296 487 1382 jussit,
507 1295 551 1362 ad
578 1318 693 1361 manns
720 1296 857 1362 Nostras
885 1296 1042 1384 pervenit,
1063 1303 1096 1361 et
1123 1295 1159 1359 in
1187 1296 1320 1363 archivo
1348 1295 1445 1384 hujus

211 1398 347 1465 Nostrae
360 1398 628 1488 Metropolitanae
642 1399 802 1466 Ecclesiae
814 1408 1005 1466 asservatur.

253 1503 324 1569 Nos
351 1502 454 1591 igitur
480 1526 527 1589 ea,
556 1526 622 1592 qua
648 1511 803 1591 tanquam
831 1503 1007 1591 Delegatns
1035 1503 1241 1590 Apostolicus
1275 1503 1443 1591 pollemus,

209 1607 396 1674 auctoritate
417 1608 553 1673 Decreta
565 1631 587 1674 a
601 1608 754 1673 Patribus
774 1606 914 1674 Consilii
928 1606 1070 1673 Plenarii
1085 1608 1328 1673 Baltimorensis
1341 1608 1443 1673 Tertii

210 1709 354 1778 Intacta
367 1711 483 1778 Sancta
503 1711 585 1778 Sede
597 1712 760 1799 recognita
779 1709 1020 1798 promulgamus
1034 1733 1091 1797 per
1105 1711 1198 1776 hasce
1211 1719 1398 1798 praesentes,
1411 1720 1444 1778 et

209 1837 270 1902 pro
282 1815 345 1881 rite
357 1815 570 1903 promulgatis
583 1815 875 1898 haberi·volumus;
897 1823 929 1879 et
942 1814 983 1880 ab
998 1814 1147 1880 omnibus
1161 1838 1299 1902 quorum
1314 1815 1444 1882 interest

210 1918 366 1987 inviolate
378 1919 536 1985 servanda
548 1918 755 1986 declaramus.

154 2038 159 2047 '
253 2023 461 2089 Declaramus
482 2022 614 2110 insuper
634 2021 759 2088 decreta
772 2023 881 2089 omnia
895 2022 1031 2089 Concilii
1047 2023 1155 2089 statim
1170 2023 1212 2089 ab
1226 2023 1285 2088 hac
1298 2023 1443 2111 promul-

209 2127 337 2214 gatione
356 2127 428 2194 vim
449 2149 540 2192 suam
561 2136 594 2192 et
614 2126 713 2192 robur
733 2126 858 2211 habere,
879 2127 1101 2215 plenariosque
1120 2136 1154 2192 et
1174 2127 1315 2213 integros
1335 2127 1443 2193 sortiri

209 2229 347 2314 effectus,
361 2231 443 2319 quin
457 2230 603 2296 ulteriori
623 2229 880 2319 promulgatione
900 2253 981 2318 opus
999 2231 1051 2314 sit,
1066 2238 1163 2316 prout
1176 2230 1212 2296 in
1227 2230 1339 2296 Titulo
1355 2230 1444 2298 Ulti-

210 2357 264 2400 mo
278 2334 416 2401 Concilii
429 2335 591 2401 statuitur.
631 2333 798 2404 Volumus
811 2335 1025 2420 tamenjuxta
1034 2334 1175 2421 ejusdem
1189 2333 1278 2399 tituli
1292 2342 1443 2420 tenorem,

210 2446 248 2503 ut
270 2437 307 2502 in
330 2437 470 2525 Synodis
498 2437 758 2504 Prouincialibus
784 2445 818 2503 et
845 2437 1049 2503 Dioccesanis
1076 2445 1150 2524 post
1178 2437 1262 2502 hanc
1289 2437 1443 2503 Nostram

210 2540 499 2629 promulgationem
526 2542 768 2629 quamprimum
796 2541 951 2606 habendis
978 2540 1021 2607 ad
1049 2542 1202 2626 majorem
1230 2541 1387 2606 cautelam
1411 2549 1444 2607 et

209 2645 442 2711 solemnitatem
462 2644 568 2709 denuo
592 2644 847 2731 promulgentur,
867 2643 1029 2730 simulque
1056 2644 1163 2709 media
1191 2643 1305 2710 idonea
1332 2645 1443 2731 provi-

210 2748 355 2832 deantur,
376 2748 495 2836 quibus
518 2747 686 2813 efficaciori
708 2747 882 2813 eorundem
906 2746 1085 2813 executioni
1110 2746 1226 2813 melius
1247 2748 1442 2815 consulatur.

253 2852 377 2918 Datum
388 2874 429 2917 ex
438 2851 570 2917 aedibus
580 2851 707 2933 nostris,
718 2850 923 2936 Baltimorae,
934 2850 969 2916 in
983 2851 1065 2918 festo
1080 2850 1283 2940 Epiphaniae
1296 2850 1443 2938 Domini,

210 2954 310 3022 Anno
324 2954 445 3022 Salutis
459 2971 732 3022 Mnoocmxvl.

746 3108 769 3175 J
771 3108 956 3176 ACOBUS
976 3108 1191 3193 GIBBONS,

840 3213 1098 3299 Arclu'epiaoopus
1112 3213 1345 3278 Baltimoreasta

1015 3315 1181 3400 Delectatus
1194 3317 1398 3403 Apostolicaa.

255 3422 438 3490 Groaarns
460 3422 502 3488 G.
523 3423 682 3504 Davrsn,
702 3420 921 3487 mandaram.
