3278 5318
520 453 715 500 manaan
744 454 923 499 rursum
952 453 1166 500 corcram.
1368 438 1450 500 xxiii

219 606 403 694 degentium
434 608 605 675 Conventa
634 608 836 696 aptissimum
865 608 981 674 dedisti
1010 608 1162 692 medium,
1184 632 1248 695 quo
1277 609 1364 695 apud
1393 617 1451 675 no‘s

219 711 337 776 abusus
356 712 454 776 ctiam
476 712 563 778 leves
584 714 641 799 qui
662 713 799 798 irrepere
819 720 1003 799 potueruut,
1023 711 1189 795 tollantur,
1204 714 1306 799 magis
1328 713 1363 777 in
1384 713 1451 778 diss

220 813 320 899 pietas
340 815 539 902 virtutesque
560 838 670 881 omnes
691 815 847 902 fulgeant,
870 814 959 880 Deus
981 813 1015 878 in
1038 815 1187 880 omnibus
1209 824 1241 880 et
1265 817 1452 902 peremnia

219 916 424 1005 glorificetur.

262 1020 367 1086 Juxta
379 1021 579 1088 voluntatem
590 1023 696 1088 Tuam
710 1022 803 1088 nobis
816 1022 1027 1109 significatam
1041 1022 1082 1087 de
1095 1023 1140 1088 eis
1155 1023 1304 1088 omnibus
1317 1023 1450 1109 egimus,

219 1144 301 1210 quae
314 1124 349 1188 in
364 1124 529 1191 Schemate
543 1149 563 1191 a
577 1126 673 1191 Sacra
687 1126 941 1212 Congregaticne
955 1125 995 1190 de
1009 1124 1221 1212 Propaganda
1236 1125 1319 1191 Fide
1334 1126 1451 1193 tradito

219 1227 472 1311 continebantur,
486 1251 553 1294 uno
565 1229 708 1295 alterove
721 1229 909 1315 disciplinae
921 1229 1024 1315 capite
1037 1229 1156 1295 addito.

263 1331 394 1412 Quibus
407 1333 558 1398 omuibus
573 1333 719 1420 peractis,
733 1332 897 1398 aeealente
912 1331 1097 1399 sanctitatis
1111 1333 1200 1398 Tuae
1213 1334 1450 1421 approbatione,

219 1434 296 1500 certi
307 1458 418 1500 sumus
431 1435 583 1501 beneficia
596 1436 714 1524 quibus
728 1435 819 1501 Deus
832 1458 891 1501 nos
900 1436 1078 1503 cumulavit
1091 1438 1249 1503 servanda
1262 1446 1295 1502 et
1307 1439 1452 1525 augenda

174 1594 180 1601 .
219 1560 295 1605 esse.
351 1538 428 1625 Ipse
451 1528 538 1604 enim
564 1538 664 1622 Deua,
685 1539 777 1626 quasi
803 1539 1102 1626 providentissimus
1123 1540 1221 1605 Pater
1241 1549 1279 1609 et,
1294 1541 1450 1607 bonorum

163 1632 176 1655 ’
220 1643 366 1707 omnium
380 1643 515 1727 Auctor,
529 1665 595 1708 uon
614 1642 720 1709 solum
734 1642 978 1708 misericorditer
991 1652 1024 1709 et
1042 1643 1179 1730 benigne
1192 1644 1359 1710 nobiscum
1376 1646 1451 1732 egit,

220 1745 386 1811 sedetiam
401 1747 576 1832 magnifice,
590 1756 629 1812 ut
647 1746 783 1811 libenter
802 1754 835 1811 et
847 1754 938 1833 grato
951 1746 1061 1813 animo
1075 1746 1223 1814 fatemur.
1267 1749 1323 1814 Ab
1337 1748 1452 1814 ultimo

221 1849 309 1914 enim
324 1849 468 1915 Concilio
482 1848 720 1933 Baltimoreusi,
733 1873 820 1915 anno
838 1849 1010 1915 millesimo
1029 1851 1290 1937 octingentesimo
1307 1873 1452 1939 sexages-

220 1951 286 2018 imo
305 1962 395 2018 sexto
408 1951 528 2037 habito,
542 1953 831 2041 quadraginta'sex
853 1952 1020 2018 Dioeceses
1040 1962 1073 2019 et
1087 1954 1274 2024 Vicariatus
1292 1956 1451 2042 usquead

220 2064 284 2123 tres
308 2064 341 2122 et
365 2057 568 2143 septuaginta
591 2066 780 2140 creverunt3
809 2056 860 2121 bis
884 2057 975 2121 mille
1001 2057 1173 2145 quingenti
1201 2057 1384 2124 Sacerdotes
1411 2059 1451 2125 ad

220 2171 341 2247 septem
366 2160 433 2225 fere
460 2160 566 2226 millia
589 2160 716 2225 adaucti
744 2166 842 2244 sunt,¹
855 2169 888 2225 ct
916 2160 1098 2247 Religiosae
1127 2160 1296 2244 Familiae,
1321 2161 1454 2228 Scholae
1530 2194 1543 2203 ·

222 2263 434 2347 Parochialas,
463 2263 610 2350 Collegia
641 2270 673 2328 et
705 2285 815 2328 omnes
844 2263 1044 2329 Christianae
1077 2264 1309 2330 misericordiae
1341 2264 1455 2332 domus

221 2368 354 2432 mirifice
374 2367 560 2434 floruerunt.

264 2471 341 2537 Tibi
360 2471 471 2558 igitur,
486 2470 672 2538 Beatissimo
691 2472 797 2557 Pater,
811 2471 928 2537 iterum
942 2480 1039 2560 atque
1057 2472 1175 2537 iterum
1193 2472 1316 2539 debitas
1329 2473 1455 2561 agimus

221 2575 349 2664 gratias,
364 2577 456 2660 cujus
470 2584 552 2640 nutu
565 2574 601 2639 in
615 2597 718 2640 uuum
731 2575 949 2659 convenimus,
963 2578 1055 2662 eujus
1067 2576 1168 2641 ductu
1181 2577 1352 2641 consilium
1366 2578 1454 2643 iniv-

221 2679 462 2765 imus,incujus
470 2678 572 2745 veluti
583 2677 758 2765 praesentia
767 2700 834 2743 rem
845 2701 972 2743 omnem
983 2677 1205 2762 discussimus3
1225 2678 1455 2745 humanissima
1487 2680 1493 2695 ’“

221 2782 307 2849 enim
329 2781 567 2848 benevolentiae
585 2781 675 2847 Tuae
694 2781 935 2868 significatione,
950 2804 1008 2868 per
1028 2782 1165 2868 effigiem
1185 2782 1290 2847 Tuam
1311 2782 1347 2846 in
1369 2782 1455 2848 hunc

222 2886 318 2951 finem
339 2885 429 2965 aTe
450 2885 542 2977 nobis
563 2885 703 2968 missam,
725 2883 760 2948 in
781 2884 887 2950 medio
912 2884 1050 2951 Concilii
1075 2885 1176 2950 nostri
1197 2885 1299 2952 veluti
1325 2884 1455 2952 Pracses

222 2989 362 3056 adfuisti.
486 2980 492 2987 ⁸

266 3093 363 3159 Hanc
375 3092 577 3158 humillimae
591 3092 771 3160 devotionis
789 3101 913 3158 nostrae
927 3101 960 3157 et
980 3092 1063 3180 grati
1082 3092 1182 3158 animi
1204 3093 1454 3159 testificationem

222 3196 358 3283 benigne
370 3197 515 3283 accipias,
529 3205 561 3262 et
575 3196 651 3262 Tibi
664 3196 707 3262 sit
720 3219 843 3263 novum
857 3196 976 3283 pignus
989 3196 1108 3260 summi
1122 3196 1212 3261 illius
1226 3197 1456 3284 obsequiique

223 3301 414 3367 Americana
429 3301 678 3366 Foederatorum
697 3299 846 3364 Statuum
861 3298 1004 3364 Ecclesia
1018 3300 1181 3364 Romanos
1197 3300 1368 3366 Pontifices
1381 3324 1456 3388 pro·

223 3414 329 3471 secuta
341 3413 389 3470 est
401 3426 534 3490 semper.
578 3403 727 3469 Solemne
744 3403 805 3468 hoc
818 3402 936 3468 amoris
954 3410 987 3467 et
1006 3403 1224 3468 obsen'antiae
1237 3403 1455 3468 testimonium

111 3583 114 3589 ,
223 3519 369 3574 nostrum
383 3508 427 3573 sit
444 3508 504 3572 tibi
524 3507 670 3573 levamen
689 3506 773 3571 inter
787 3506 943 3571 maximas
961 3505 1062 3571 animi
1076 3507 1260 3572 acerbitates
1274 3530 1456 3572 aerumnas·

223 3634 286 3700 que
310 3634 430 3695 omues,
455 3633 536 3698 quae
560 3610 609 3675 Te
632 3608 776 3696 undique
800 3618 960 3696 premunt,
985 3610 1028 3675 ob
1052 3609 1186 3696 impiam
1211 3619 1245 3675 et
1269 3610 1455 3675 diuturnam

222 3715 408 3804 iniquorum
422 3724 532 3780 contra
546 3714 593 3779 Te
607 3722 639 3778 et
652 3723 762 3778 contra
776 3712 944 3778 Christum
957 3713 1215 3799 persecutionem.

267 3819 404 3887 Utinam
426 3827 561 3904 exurgat
582 3814 669 3882 nuuc
692 3816 783 3882 Dens
807 3825 841 3881 et
865 3816 1058 3902 dissipentur
1081 3815 1206 3881 inimici
1231 3819 1309 3903 ejus.
1355 3817 1456 3883 Plena

224 3922 353 3989 libertas
366 3923 449 4006 Tua,
463 3944 545 4009 quae
559 3920 731 3986 necemaria
744 3930 793 3986 est
810 3920 852 3986 ad
870 3919 1039 4006 regendam
1054 3919 1229 3984 Ecclesiam
1244 3920 1454 4002 commissam,

224 4026 315 4093 brevi
329 4026 406 4092 Tibi
420 4025 611 4107 vindicetur,
626 4032 658 4089 et
672 4024 780 4090 omnia
794 4023 898 4089 fausta
911 4023 1078 4109 feliciaque
1091 4022 1132 4087 ad
1148 4024 1299 4108 majorem
1315 4023 1455 4088 Divinae

224 4130 402 4218 Majestatis
415 4128 563 4217 gloriam,
576 4136 610 4194 et
622 4127 664 4193 ad
677 4127 813 4192 salutem
826 4127 1006 4193 animarum
1020 4126 1096 4190 Tibi
1110 4127 1268 4192 eveniant.

268 4233 404 4300 Interim
429 4231 649 4319 Apostoliram
674 4230 933 4296 Beualietionem
958 4253 1018 4316 pro
1042 4229 1134 4294 nobis
1159 4238 1191 4293 et
1216 4253 1274 4316 pro
1304 4230 1454 4295 Ecclesiis

221 4336 316 4429 pobis
329 4333 504 4401 commissis
518 4333 685 4399 humiliter
698 4329 917 4417 efflagitamus.

268 4438 390 4505 Datum
419 4459 460 4502 ex
489 4435 634 4502 Concilio
663 4433 824 4518 Plenari0,
852 4434 1056 4518 Baltimorae,
1079 4434 1131 4498 die
1159 4453 1224 4499 vu.
1258 4434 1452 4517 Decembris,

225 4545 268 4609 A.
283 4541 339 4626 D,
353 4558 626 4607 nmoccnxxxrv.
