3278 5318
236 484 301 548 284
727 503 970 554 nrrnnnrx.

234 667 345 724 contra
366 658 541 726 Ecclesiam
563 659 616 727 vel
638 660 796 747 legitimas
816 669 985 748 potestates
1006 659 1239 745 machinantur,
1252 659 1323 725 sive
1336 658 1372 724 id
1386 657 1470 725 clam

235 761 305 827 sive
323 762 432 849 palam
453 763 594 847 fecerint,
616 764 687 831 sive
707 764 870 851 exegerint
892 763 961 828 sive
982 785 1058 847 non,
1080 784 1101 828 a
1122 762 1189 828 suis
1209 763 1337 828 asseclis
1357 763 1471 828 secreti

234 866 384 930 servandi
398 867 620 934 iuramentum.

229 1003 236 1013 ·
278 969 331 1035 4⁰.
362 969 492 1035 Praeter
512 971 588 1036 istas
608 980 685 1036 sunt
705 980 738 1037 ct
757 971 839 1037 aliae
859 979 960 1037 sectae
980 971 1159 1058 prohibitae
1172 982 1268 1059 atque
1281 970 1343 1036 sub
1357 971 1472 1058 gravis

234 1073 346 1158 culpae
366 1085 456 1139 reatu
477 1075 636 1159 vitandae,
651 1075 734 1140 inter
755 1097 834 1163 quas
855 1076 1025 1162 praecipue
1038 1075 1243 1141 recensendae
1257 1074 1333 1139 illae
1346 1097 1470 1157 omncs,

151 1229 153 1233 .
234 1198 315 1263 qnae
339 1201 359 1243 a
383 1177 587 1244 sectatoribus
612 1188 765 1244 secretum
794 1178 915 1243 nemini
943 1179 1160 1265 pandendum,
1186 1188 1219 1245 et
1247 1178 1471 1243 omnimodam

235 1280 446 1346 obedientiam
482 1283 614 1348 occultis
648 1281 783 1347 ducibus
818 1282 1041 1369 praestandam
1077 1282 1285 1348 iureiurando
1320 1282 1469 1368 exigunt

234 1384 567 1452 Animadvertendum
596 1387 726 1473 insuper
752 1395 810 1469 est,
834 1386 942 1452 adesse
977 1386 1150 1452 nonnullas
1184 1387 1347 1452 societates
1374 1408 1469 1474 quae,

235 1487 309 1553 licet
328 1498 413 1555 certo
434 1491 531 1555 statui
553 1499 698 1578 nequent,
714 1491 893 1577 pertineant
914 1512 1012 1555 necue
1032 1489 1075 1556 ad
1095 1488 1153 1555 has
1174 1512 1254 1577 quas
1273 1490 1470 1555 memoravi-

234 1586 317 1676 nius,
338 1593 454 1658 dubiae
474 1602 581 1659 tamen
603 1602 635 1659 et
655 1593 788 1681 periculi
809 1593 921 1681 plenae
942 1603 1027 1678 sunt,
1048 1602 1120 1658 tum
1142 1593 1184 1659 ob
1204 1592 1367 1660 doctrinas
1387 1616 1470 1682 quas

233 1698 433 1782 profitentur,
454 1706 526 1762 tum
555 1697 598 1762 ob
625 1696 741 1784 agendi
769 1697 925 1763 rationem
953 1719 1052 1783 quam
1080 1706 1258 1785 sequuntur
1286 1697 1323 1781 ii,
1346 1696 1470 1785 quibus

233 1797 368 1864 ducibus
396 1801 483 1887 ipsae
510 1801 695 1866 coaluerunt
722 1809 756 1867 et
783 1811 946 1888 reguntur.
1006 1800 1062 1866 Ab
1091 1800 1144 1866 his
1170 1802 1267 1867 etiam
1303 1823 1469 1866 sacrorum

233 1902 413 1987 Antistitcs,
424 1904 542 1991 quibus
555 1928 706 1992 germana
720 1905 842 1970 Christi
856 1905 935 1970 fides
948 1912 981 1970 et
994 1928 1121 1970 morum
1132 1904 1297 1992 integritas
1307 1904 1470 1970 maximae

232 2029 325 2073 curae
345 2031 411 2072 esse
431 2008 534 2093 debet,
548 2009 698 2074 noverint
718 2031 795 2074 oves
815 2030 889 2073 suas
909 2007 1112 2073 deterrendas
1126 2015 1159 2073 et
1172 2007 1322 2074 arcendas
1342 2030 1421 2087 esse,
1435 2018 1470 2073 et

232 2133 269 2177 eo
289 2112 420 2199 quidem
441 2112 636 2199 diligentius,
651 2111 738 2198 quod
752 2112 795 2177 ob
808 2122 966 2177 servatam
981 2111 1023 2176 ab
1036 2111 1149 2176 iisdem
1166 2110 1329 2199 quandam
1350 2111 1469 2177 hones·

231 2215 306 2281 tatis
327 2216 461 2302 speeiem
482 2216 677 2302 corruptelae
698 2214 888 2303 periculum,
902 2214 991 2303 quod
1012 2215 1048 2279 in
1069 2214 1148 2301 ipsis
1165 2214 1252 2298 latet,
1267 2213 1435 2280 difficilius
1448 2238 1469 2281 a

230 2318 429 2405 simplicibus
458 2319 642 2405 praesertim
678 2317 862 2383 hominibus
890 2325 923 2384 et
950 2317 1201 2384 adolescentibus
1236 2317 1406 2405 persentiri
1436 2327 1470 2384 et

230 2423 410 2508 praecaveri
424 2423 550 2509 poterit.

275 2526 326 2590 50.
356 2525 439 2590 Rem
450 2525 585 2612 proinde
595 2525 712 2592 facient
726 2526 806 2592 sacri
821 2526 968 2592 Pastcres
982 2526 1049 2592 suis
1063 2526 1178 2593 ovibus
1191 2525 1337 2613 apprime
1351 2525 1467 2592 utilem

191 2638 194 2643 '
230 2637 262 2693 et
289 2628 457 2695 Sanctitati
482 2628 565 2695 Suae
589 2630 829 2716 periucundam,
851 2630 879 2695 si
904 2640 1027 2716 praeter
1051 2652 1220 2695 commune
1248 2638 1281 2694 et
1308 2630 1467 2695 usitatum

229 2731 436 2799 concionandi
457 2755 567 2818 genus,
589 2732 677 2819 quod
705 2733 836 2798 omnino
864 2733 1065 2798 retinendum
1087 2742 1144 2816 est,
1166 2731 1250 2798 illud
1278 2731 1466 2820 adiungent,

230 2835 317 2923 quod
338 2834 545 2901 defendendis
565 2837 729 2902 catholicis
743 2835 932 2903 veritatibus
952 2836 1098 2902 adhiberi
1112 2836 1202 2919 solet,
1215 2844 1248 2903 et
1261 2836 1468 2923 aptissimum

229 2947 276 3005 est
300 2939 509 3027 profligandis
533 2940 704 3022 erroribus,
725 2962 807 3027 quos
831 2938 928 3005 latius
953 2949 987 3006 et
1011 2941 1154 3006 maximo
1179 2963 1253 3005 cum
1282 2936 1467 3006 animarum

229 3042 420 3108 detrimento
439 3043 535 3108 hodie
555 3043 755 3108 disseminari
769 3043 974 3130 Apostolicae
993 3044 1137 3110 Litterae
1153 3042 1340 3109 Humanum
1359 3042 1467 3109 Genua

229 3146 407 3235 deplorant.
452 3146 552 3227 Quod
574 3145 704 3235 quidem
725 3147 932 3213 concionandi
953 3169 1056 3235 genus
1084 3135 1170 3213 tum‘
1184 3147 1246 3213 erit
1272 3146 1467 3213 christianae

230 3251 317 3339 plebi
345 3251 602 3334 saluberrimum,
624 3272 699 3315 cum
719 3249 867 3316 refutatis
890 3252 1061 3335 erroribus,
1083 3251 1273 3317 christianae
1300 3249 1466 3317 doddnae

230 3356 310 3439 vim,
335 3355 561 3442 praestantiam
589 3361 621 3419 et
649 3353 821 3419 utilitatem
846 3353 986 3419 dilucide
1010 3363 1043 3419 et
1071 3355 1185 3421 ordine
1212 3354 1411 3440 explanabit,
1432 3364 1467 3421 et

229 3480 369 3524 amorem
383 3482 457 3545 erga
470 3458 657 3523 catholicam
673 3457 955 3545 Ecclesiam-qnae
964 3458 1097 3524 eandem
1111 3457 1289 3524 doctrinam
1304 3456 1466 3546 integram

230 3563 508 3649 incorruptamque
522 3570 638 3644 servat,
654 3561 689 3626 in
703 3561 820 3627 animis
834 3561 1017 3628 auditorum
1030 3561 1190 3628 excitabit.

274 3668 326 3733 6⁰.
356 3666 441 3731 Cum
462 3688 539 3731 vero
561 3663 744 3732 vaferrimis
764 3675 920 3730 sectarum
940 3665 1063 3731 artibus
1084 3664 1315 3753 fraudibusque
1337 3663 1465 3732 adoles·

228 3779 341 3853 centes,
355 3791 509 3856 pauperes
529 3768 664 3834 artifices
684 3776 718 3833 et
737 3767 874 3854 operarii
895 3766 1021 3833 facilius
1041 3768 1129 3834 allici
1141 3776 1175 3834 et
1187 3769 1259 3855 capi
1272 3768 1405 3852 soleant,
1419 3769 1463 3835 ad

228 3873 289 3940 hos
302 3873 397 3938 etiam
412 3871 584 3959 peculiares
605 3893 699 3937 curae
719 3880 796 3937 sunt
815 3872 1056 3938 convertendae.
1101 3872 1212 3959 Atque
1227 3870 1269 3936 ed
1282 3872 1465 3938 innatantem

228 3975 315 4065 quod
328 3977 452 4059 attinet,
466 3974 677 4041 adnitendum
689 3997 890 4062 smamopere
902 3984 960 4058 est,
975 3983 1013 4040 ut
1025 3997 1046 4041 a
1058 3976 1174 4041 teneris
1187 3974 1281 4041 annis
1294 3983 1361 4040 tam
1375 3974 1464 4042 intra

228 4080 415 4147 domesticos
437 4080 581 4167 parietes,
603 4102 701 4167 quam
722 4078 757 4144 in
778 4079 908 4167 templis
928 4066 962 4145 et
982 4079 1017 4144 in
1038 4079 1156 4145 scholis
1182 4077 1224 4145 ad
1253 4077 1463 4145 christianam

228 4186 334 4267 fidem,
348 4185 599 4270 christianosque
615 4205 718 4249 mores
738 4193 881 4249 accurate
901 4181 1102 4268 informetur,
1116 4191 1149 4249 et
1162 4192 1286 4249 mature
1299 4182 1462 4266 doceemr,

227 4311 292 4375 qua
312 4289 435 4353 ratione
455 4286 517 4352 sibi
538 4286 580 4351 ab
601 4286 727 4351 insidiis
748 4287 1015 4353 tenebricosarum
1035 4297 1192 4352 sectarum
1212 4307 1323 4352 cavere
1335 4283 1461 4369 debeat,

227 4392 316 4459 nesi
339 4393 374 4457 in
395 4414 505 4457 aarum
526 4390 656 4477 laqueos
684 4389 842 4475 inciderit,
863 4391 907 4457 sit
928 4391 991 4478 ipsi
1012 4390 1221 4477 imposterum
1241 4397 1310 4455 tam
1338 4387 1462 4476 iniquis

227 4491 366 4560 dominis
377 4496 518 4560 maximo
528 4516 603 4560 cum
612 4504 755 4560 aeternae
763 4494 876 4559 salutis
885 4503 917 4559 et
927 4493 1086 4559 humanae
1094 4491 1461 4580 dignitatisdetrimento

226 4596 410 4684 turpissime
431 4596 644 4665 serviendum.
690 4595 853 4663 Iuvenum
875 4596 1088 4663 incolumitati
1112 4595 1248 4683 perbene
1275 4592 1460 4663 consultum
