3278 5318
205 491 271 556 280
700 501 944 550 areaunrx.

204 662 311 728 omnia
325 659 477 744 efficiunt,
492 664 529 725 ut
550 644 701 724 iuventus
724 658 836 722 misere
853 665 1032 744 exponatur
1049 656 1168 722 damno
1182 657 1264 722 eirea
1279 655 1388 740 fidem,
1402 679 1440 722 ac

203 789 308 831 mores
321 764 552 851 periclitentur.

247 869 322 933 Hoc
342 876 450 933 autem
470 866 648 953 perieulum
669 865 881 953 perversioris
902 866 964 931 nisi
984 889 1001 932 e
1020 867 1169 953 proximo
1188 873 1348 931 remotum
1371 865 1439 948 fiat,

202 973 282 1038 tales
295 971 420 1037 scholae
430 980 501 1036 tuta
510 971 699 1036 conscientia
709 969 902 1057 frequentari
913 979 1086 1058 nequeunt.
1123 968 1166 1034 Id
1176 969 1230 1035 vel
1241 969 1311 1056 ipsa
1320 967 1440 1033 clamat

204 1076 258 1142 lex
280 1075 436 1141 naturalis
456 1083 489 1141 et
509 1073 631 1156 divina.
676 1072 720 1138 Id
741 1096 837 1161 porro
857 1074 953 1140 claris
973 1073 1081 1140 verbis
1109 1094 1254 1138 summus
1283 1072 1439 1138 Pontifex

203 1180 316 1263 edixit,
342 1177 553 1266 Friburgensi
577 1167 740 1265 quondam
761 1176 1011 1264 Archiepiscopo
1032 1176 1085 1242 die
1110 1179 1152 1243 14
1175 1175 1258 1242 Iulii
1282 1179 1370 1242 1864
1392 1176 1440 1241 ita

203 1283 362 1349 scribens:
399 1282 524 1348 “Certe
552 1281 681 1370 quidem
711 1281 768 1346 ubi
796 1280 832 1346 in
859 1282 1041 1369 quibusque
1075 1280 1155 1347 locis
1190 1281 1440 1368 regionibusque

202 1386 505 1476 perniciosissimum
526 1384 689 1476 huismodi
709 1383 763 1452 vel
791 1385 1004 1472 susciperetur
1025 1385 1078 1452 vel
1104 1384 1147 1452 ad
1170 1386 1295 1451 exitum
1319 1385 1441 1472 perdu-

202 1502 325 1557 ceretur
352 1490 524 1556 consilium
552 1488 734 1576 expellendi
761 1511 783 1555 a
809 1488 928 1555 scholis
957 1488 1117 1555 Ecclesiae
1145 1489 1377 1572 auctoritatem,
1405 1498 1441 1555 et

202 1595 355 1662 inventus
375 1595 490 1660 misere
510 1603 721 1680 exponeretur
741 1591 860 1659 damno
880 1593 964 1659 circs
984 1593 1091 1678 fidem,
1105 1601 1184 1659 tunc
1198 1592 1358 1658 Ecclesiae
1371 1615 1440 1658 nou

202 1699 308 1765 solnm
336 1698 464 1764 deberet
493 1698 706 1763 intentissimo
734 1697 843 1763 studio
870 1697 980 1763 omnia
1005 1698 1125 1781 conari,
1154 1696 1317 1785 nullisque
1352 1698 1441 1763 curis

202 1825 345 1890 unquam
360 1825 496 1889 parcere,
511 1810 548 1866 ut
566 1801 675 1867 eadem
693 1801 845 1867 iuventus
864 1800 1069 1868 necessariam
1085 1801 1291 1867 christianam
1307 1801 1441 1866 institu-

202 1906 322 1972 tionem
344 1914 376 1972 et
396 1905 614 1980 educationem
635 1905 760 1990 habeat,
773 1928 888 1972 verum
909 1906 1007 1972 etiam
1027 1914 1191 1993 cogeretur
1204 1925 1314 1970 omnes
1328 1905 1441 1971 fideles

202 2034 341 2095 monere,
356 2010 464 2098 eisque
476 2009 645 2093 declarare,
656 2009 812 2075 eiusmodi
826 2009 950 2075 scholas
965 2009 1125 2076 Ecclesiae
1136 2008 1310 2075 catholicae
1322 2008 1441 2075 adver-

202 2137 253 2180 sas
267 2113 354 2179 harad
369 2137 461 2201 posse
480 2113 516 2178 in
529 2113 720 2178 conscientia
733 2112 961 2201 frequentari.''
1006 2113 1053 2180 Et
1073 2113 1151 2179 haec
1171 2112 1311 2202 quidem,
1326 2122 1442 2200 utpote

203 2219 339 2284 fundata
359 2219 429 2284 iure
448 2217 586 2282 naturali
601 2240 638 2282 ac
651 2217 764 2283 divino
786 2217 934 2303 generale
953 2217 1117 2304 quoddam
1133 2217 1304 2283 enuntiant
1316 2217 1441 2304 priuci-

202 2323 305 2409 pium,
316 2323 450 2410 vimque
465 2321 677 2388 universalem
691 2320 820 2404 habent,
831 2320 913 2386 etad
924 2344 976 2386 ess
986 2344 1097 2386 omnes
1111 2322 1273 2408 pertinent
1283 2322 1440 2407 regiones,

202 2426 259 2491 ubi
274 2426 537 2513 perniciosissima
550 2424 735 2490 huiusmodi
749 2424 926 2491 iuventutis
940 2424 1250 2490 instituendae'rstio
1265 2423 1441 2490 infeliciter

202 2528 330 2596 invecta
343 2528 451 2596 fuerit.

246 2632 383 2720 Oportet
407 2633 518 2720 igitur,
543 2642 582 2699 ut
605 2632 774 2699 Sacrorum
799 2633 981 2718 Antistites,
1004 2656 1204 2721 quacumque
1228 2634 1353 2720 possint
1378 2656 1441 2720 ope

201 2745 299 2824 atque
323 2760 428 2823 opera,
451 2737 656 2802 commissum
680 2737 743 2801 sibi
767 2759 896 2824 gregem
920 2746 1048 2802 arceant
1070 2736 1113 2803 ab
1137 2736 1226 2802 omni
1251 2737 1440 2824 contagione

201 2840 382 2905 scholarum
396 2841 608 2927 publicarum.
653 2840 716 2906 Est
729 2851 835 2906 sutem
848 2839 890 2906 ad
905 2840 967 2906 hoc
979 2842 1127 2907 omnium
1140 2863 1293 2906 comensu
1306 2840 1357 2905 nil
1370 2850 1439 2906 tam

201 2944 420 3026 necessarium,
435 2965 532 3031 quam
552 2951 590 3008 ut
608 2944 758 3009 catholici
776 2945 896 3032 ubique
915 2943 1058 3010 locorum
1075 2944 1221 3031 proprias
1236 2944 1300 3009 sibi
1312 2944 1440 3010 scholas

201 3045 349 3131 habeant,
364 3069 478 3135 easque
492 3046 629 3134 publicis
642 3047 760 3114 scholis
773 3044 861 3113 haud
882 3049 1057 3116 inferiores.
1101 3047 1225 3114 Scholia
1239 3070 1315 3135 ergo
1328 3048 1440 3114 catho-

201 3149 271 3216 licis
295 3153 364 3217 sive
386 3151 561 3216 condendis
584 3150 642 3216 ubi
666 3150 828 3218 defuerint
852 3151 923 3219 sive
943 3151 1188 3239 amplificandis,
1211 3160 1243 3217 et
1266 3152 1440 3238 perfectius

202 3254 398 3320 instruendis
416 3253 641 3342 parandisque,
654 3264 693 3320 ut
711 3254 909 3321 institutione
922 3278 960 3320 ac
972 3253 1143 3343 disciplina
1155 3255 1279 3321 scholas
1292 3255 1439 3341 publicas

200 3357 388 3446 adaequent,
411 3358 501 3424 omni
525 3380 601 3424 cura
624 3358 883 3445 prospiciendum
907 3368 964 3426 est
1009 3359 1152 3426 Aetam
1173 3370 1282 3425 sancto
1304 3358 1439 3447 quidem

201 3461 386 3549 exequendo
406 3462 539 3528 consilio
560 3470 690 3549 tamque
710 3464 883 3529 necessario
904 3461 992 3529 haud
1013 3464 1172 3529 inutiliter
1187 3463 1438 3548 adhibebuntur,

201 3566 230 3631 si
252 3566 420 3652 Episcopis
440 3566 487 3632 ita
506 3565 615 3634 visum
636 3565 744 3651 fuerit,
765 3588 784 3633 e
804 3566 1115 3656 congregationibus
1135 3566 1293 3654 religiosis
1312 3566 1440 3634 sodales

201 3670 271 3735 sive
289 3669 354 3736 viri
378 3669 448 3735 sive
472 3669 639 3753 mulieroe3
664 3680 874 3757 sumptusque
897 3679 989 3737 tanto
1016 3670 1104 3758 operi
1131 3671 1307 3754 necessarii,
1332 3681 1371 3737 ut
1397 3694 1439 3738 eo

201 3770 354 3838 libentius
381 3781 478 3860 atque
504 3773 720 3839 abundantius
746 3774 991 3861 suppeditentur
1018 3797 1040 3841 a
1067 3773 1226 3859 fidelibus,
1254 3784 1439 3862 opportune

201 3876 309 3942 oblata
344 3877 513 3961 occasione,
541 3876 613 3944 sive
638 3878 851 3964 pastoralibus
887 3876 1002 3945 litteris
1029 3879 1100 3946 sive
1126 3879 1332 3944 concionibus
1367 3880 1439 3946 sive

200 3980 337 4067 privatis
350 3979 517 4068 colloquiis
537 3980 619 4046 serio
639 4004 764 4047 necesse
782 3991 831 4047 est
851 3989 888 4047 ut
908 3982 972 4069 ipsi
985 3982 1236 4065 commonebant,
1251 4004 1318 4049 soee
1331 3982 1439 4050 officio

199 4106 260 4151 suo
287 4085 430 4172 graviter
457 4084 634 4169 defuturos,
659 4085 722 4150 nisi
750 4086 840 4152 omni
868 4109 933 4173 qua
960 4094 1095 4174 possunt
1125 4109 1202 4152 cura
1230 4086 1439 4175 impensaque

199 4189 318 4255 scholis
338 4187 502 4255 catholicis
523 4188 734 4276 providerint.
779 4189 916 4278 Deque
936 4191 1139 4278 potissimum
1165 4190 1316 4255 monendi
1340 4202 1438 4257 erunt

199 4301 358 4381 quotquot
378 4293 462 4358 inter
475 4292 645 4359 catholicos
658 4293 768 4359 ceteris
780 4302 942 4380 praestant
955 4294 1080 4360 divitiis
1092 4318 1130 4360 sc
1141 4294 1331 4360 auctoritate
1347 4295 1437 4382 apud

199 4398 356 4484 populum
366 4422 376 4480 ;
398 4397 517 4484 quique
531 4396 669 4463 comitiis
688 4396 827 4463 ferendis
849 4397 972 4486 legibus
992 4408 1067 4465 sunt
1088 4398 1250 4486 adscripti.
1297 4398 1344 4464 Et
1357 4422 1437 4466 vero

200 4500 235 4565 in
258 4501 327 4566 istis
349 4501 544 4587 regionibus,
566 4500 659 4566 nulla
682 4500 786 4567 obstat
810 4501 864 4567 lex
889 4502 1006 4587 civilis,
1029 4503 1202 4591 quominus
1223 4502 1371 4568 catholici
1398 4513 1436 4569 ut

199 4603 278 4690 ipsis
292 4604 399 4685 yisum
421 4602 520 4669 fuerit
540 4604 678 4691 propriis
699 4604 815 4670 scholis
828 4605 953 4692 prolem
966 4627 1058 4672 suam
1071 4604 1114 4672 ad
1127 4628 1255 4672 omnem
1268 4604 1435 4673 scientiam
