<?xml version="1.0" encoding="UTF-8"?>
<!DOCTYPE html PUBLIC "-//W3C//DTD XHTML 1.0 Transitional//EN"
    "http://www.w3.org/TR/xhtml1/DTD/xhtml1-transitional.dtd">
<html xmlns="http://www.w3.org/1999/xhtml" xml:lang="en" lang="en">
 <head>
  <title>
</title>
<meta http-equiv="Content-Type" content="text/html;charset=utf-8" />
  <meta name='ocr-system' content='tesseract 3.04.00' />
  <meta name='ocr-capabilities' content='ocr_page ocr_carea ocr_par ocr_line ocrx_word'/>
</head>
<body>
  <div class='ocr_page' id='page_1' title='image "./actaetdecretaco01gibbgoog_0115.png"; bbox 0 0 3278 5318; ppageno 0'>
   <div class='ocr_carea' id='block_1_1' title="bbox 582 1067 1041 1477">
    <p class='ocr_par' dir='ltr' id='par_1_1' title="bbox 582 1067 1041 1477">
     <span class='ocr_line' id='line_1_1' title="bbox 597 1067 1029 1174; baseline 0.005 -3"><span class='ocrx_word' id='word_1_1' title='bbox 597 1067 935 1174; x_wconf 74' lang='lat' dir='ltr'>TITULUS</span> <span class='ocrx_word' id='word_1_2' title='bbox 982 1067 1029 1173; x_wconf 91' lang='grc' dir='ltr'>Ι.</span> 
     </span>
     <span class='ocr_line' id='line_1_2' title="bbox 582 1343 1041 1477; baseline -0.002 -28"><span class='ocrx_word' id='word_1_3' title='bbox 582 1343 780 1477; x_wconf 80' lang='lat' dir='ltr'>Delido</span> <span class='ocrx_word' id='word_1_4' title='bbox 805 1343 1041 1449; x_wconf 80' lang='lat' dir='ltr'>Catholica</span> 
     </span>
    </p>
   </div>
   <div class='ocr_carea' id='block_1_2' title="bbox 547 1781 1093 1906">
    <p class='ocr_par' dir='ltr' id='par_1_2' title="bbox 547 1781 1093 1906">
     <span class='ocr_line' id='line_1_3' title="bbox 547 1781 1093 1906; baseline 0.002 -1"><span class='ocrx_word' id='word_1_5' title='bbox 547 1830 763 1905; x_wconf 78' lang='lat' dir='ltr'>oarur</span> <span class='ocrx_word' id='word_1_6' title='bbox 800 1781 1093 1906; x_wconf 76' lang='lat' dir='ltr'>unicurt.</span> 
     </span>
    </p>
   </div>
   <div class='ocr_carea' id='block_1_3' title="bbox 198 2012 1439 4546">
    <p class='ocr_par' dir='ltr' id='par_1_3' title="bbox 198 2012 1437 3018">
     <span class='ocr_line' id='line_1_4' title="bbox 249 2012 1432 2112; baseline 0 -22"><span class='ocrx_word' id='word_1_7' title='bbox 249 2017 283 2091; x_wconf 94' lang='grc'>1.</span> <span class='ocrx_word' id='word_1_8' title='bbox 319 2012 512 2103; x_wconf 71' lang='lat' dir='ltr'>Quoniam</span> <span class='ocrx_word' id='word_1_9' title='bbox 538 2013 835 2088; x_wconf 86' lang='lat' dir='ltr'>fundamentum</span> <span class='ocrx_word' id='word_1_10' title='bbox 862 2019 901 2088; x_wconf 94' lang='lat' dir='ltr'>et</span> <span class='ocrx_word' id='word_1_11' title='bbox 926 2013 1038 2088; x_wconf 84' lang='lat' dir='ltr'>radix</span> <span class='ocrx_word' id='word_1_12' title='bbox 1057 2013 1347 2112; x_wconf 88' lang='lat' dir='ltr'>justificationis</span> <span class='ocrx_word' id='word_1_13' title='bbox 1372 2021 1432 2091; x_wconf 88' lang='lat' dir='ltr'>est</span> 
     </span>
     <span class='ocr_line' id='line_1_5' title="bbox 198 2128 1432 2228; baseline 0 -22"><span class='ocrx_word' id='word_1_14' title='bbox 198 2132 303 2223; x_wconf 77' lang='lat' dir='ltr'>fidae,</span> <span class='ocrx_word' id='word_1_15' title='bbox 322 2131 372 2205; x_wconf 90' lang='lat' dir='ltr'>ab</span> <span class='ocrx_word' id='word_1_16' title='bbox 396 2154 442 2204; x_wconf 90' lang='lat' dir='ltr'>ea</span> <span class='ocrx_word' id='word_1_17' title='bbox 467 2153 565 2228; x_wconf 88' lang='lat' dir='ltr'>opus</span> <span class='ocrx_word' id='word_1_18' title='bbox 590 2128 752 2202; x_wconf 85' lang='lat' dir='ltr'>Coucilii</span> <span class='ocrx_word' id='word_1_19' title='bbox 777 2129 894 2226; x_wconf 91' lang='lat' dir='ltr'>hujus</span> <span class='ocrx_word' id='word_1_20' title='bbox 921 2129 1097 2204; x_wconf 87' lang='lat' dir='ltr'>Plenarii</span> <span class='ocrx_word' id='word_1_21' title='bbox 1123 2129 1201 2204; x_wconf 90' lang='grc' dir='ltr'>ΙΙΙ.</span> <span class='ocrx_word' id='word_1_22' title='bbox 1221 2130 1432 2206; x_wconf 88' lang='lat' dir='ltr'>Baltimor·</span> 
     </span>
     <span class='ocr_line' id='line_1_6' title="bbox 199 2244 1434 2344; baseline -0.002 -21"><span class='ocrx_word' id='word_1_23' title='bbox 199 2247 301 2323; x_wconf 88' lang='lat' dir='ltr'>ensis</span> <span class='ocrx_word' id='word_1_24' title='bbox 334 2246 442 2322; x_wconf 87' lang='lat' dir='ltr'>ducit</span> <span class='ocrx_word' id='word_1_25' title='bbox 474 2245 643 2320; x_wconf 90' lang='lat' dir='ltr'>initium.</span> <span class='ocrx_word' id='word_1_26' title='bbox 710 2244 851 2320; x_wconf 89' lang='lat' dir='ltr'>Omnia</span> <span class='ocrx_word' id='word_1_27' title='bbox 890 2244 1011 2343; x_wconf 89' lang='lat' dir='ltr'>igitur</span> <span class='ocrx_word' id='word_1_28' title='bbox 1044 2271 1143 2344; x_wconf 87' lang='lat' dir='ltr'>quae</span> <span class='ocrx_word' id='word_1_29' title='bbox 1176 2247 1226 2321; x_wconf 92' lang='lat' dir='ltr'>ab</span> <span class='ocrx_word' id='word_1_30' title='bbox 1260 2245 1434 2321; x_wconf 81' lang='lat' dir='ltr'>Ecclesia</span> 
     </span>
     <span class='ocr_line' id='line_1_7' title="bbox 199 2360 1433 2459; baseline -0.002 -21"><span class='ocrx_word' id='word_1_31' title='bbox 199 2361 407 2455; x_wconf 63' lang='lat' dir='ltr'>Catholici,</span> <span class='ocrx_word' id='word_1_32' title='bbox 426 2361 509 2437; x_wconf 89' lang='lat' dir='ltr'>sive</span> <span class='ocrx_word' id='word_1_33' title='bbox 534 2360 698 2436; x_wconf 82' lang='lat' dir='ltr'>solemni</span> <span class='ocrx_word' id='word_1_34' title='bbox 719 2360 878 2459; x_wconf 89' lang='lat' dir='ltr'>judici0,</span> <span class='ocrx_word' id='word_1_35' title='bbox 897 2360 980 2436; x_wconf 88' lang='lat' dir='ltr'>sive</span> <span class='ocrx_word' id='word_1_36' title='bbox 1005 2361 1203 2436; x_wconf 87' lang='lat' dir='ltr'>ordinario</span> <span class='ocrx_word' id='word_1_37' title='bbox 1221 2368 1261 2437; x_wconf 89' lang='lat' dir='ltr'>et</span> <span class='ocrx_word' id='word_1_38' title='bbox 1278 2361 1433 2437; x_wconf 85' lang='lat' dir='ltr'>univer·</span> 
     </span>
     <span class='ocr_line' id='line_1_8' title="bbox 199 2476 1434 2577; baseline -0.002 -23"><span class='ocrx_word' id='word_1_39' title='bbox 199 2479 271 2554; x_wconf 89' lang='lat' dir='ltr'>sali</span> <span class='ocrx_word' id='word_1_40' title='bbox 306 2476 542 2577; x_wconf 85' lang='lat' dir='ltr'>magisterio,</span> <span class='ocrx_word' id='word_1_41' title='bbox 569 2483 614 2552; x_wconf 92' lang='lat' dir='ltr'>ut</span> <span class='ocrx_word' id='word_1_42' title='bbox 647 2476 836 2552; x_wconf 91' lang='lat' dir='ltr'>divinitus</span> <span class='ocrx_word' id='word_1_43' title='bbox 869 2477 1043 2552; x_wconf 89' lang='lat' dir='ltr'>revelata</span> <span class='ocrx_word' id='word_1_44' title='bbox 1071 2479 1264 2553; x_wconf 88' lang='lat' dir='ltr'>credenda</span> <span class='ocrx_word' id='word_1_45' title='bbox 1292 2503 1434 2577; x_wconf 92' lang='lat' dir='ltr'>propo-</span> 
     </span>
     <span class='ocr_line' id='line_1_9' title="bbox 201 2591 1434 2690; baseline 0.002 -22"><span class='ocrx_word' id='word_1_46' title='bbox 201 2601 357 2687; x_wconf 89' lang='lat' dir='ltr'>nuntur,</span> <span class='ocrx_word' id='word_1_47' title='bbox 371 2593 576 2686; x_wconf 90' lang='lat' dir='ltr'>credimus,</span> <span class='ocrx_word' id='word_1_48' title='bbox 591 2591 754 2667; x_wconf 82' lang='lat' dir='ltr'>solemni</span> <span class='ocrx_word' id='word_1_49' title='bbox 772 2591 1011 2690; x_wconf 78' lang='lat' dir='ltr'>professione</span> <span class='ocrx_word' id='word_1_50' title='bbox 1027 2594 1255 2668; x_wconf 87' lang='lat' dir='ltr'>confitemur</span> <span class='ocrx_word' id='word_1_51' title='bbox 1271 2601 1311 2668; x_wconf 90' lang='lat' dir='ltr'>et</span> <span class='ocrx_word' id='word_1_52' title='bbox 1324 2595 1434 2670; x_wconf 90' lang='lat' dir='ltr'>doce·</span> 
     </span>
     <span class='ocr_line' id='line_1_10' title="bbox 200 2707 1435 2808; baseline 0.001 -24"><span class='ocrx_word' id='word_1_53' title='bbox 200 2735 309 2803; x_wconf 88' lang='lat' dir='ltr'>mus;</span> <span class='ocrx_word' id='word_1_54' title='bbox 344 2708 544 2808; x_wconf 77' lang='lat' dir='ltr'>signanter</span> <span class='ocrx_word' id='word_1_55' title='bbox 577 2734 681 2801; x_wconf 88' lang='lat' dir='ltr'>vem,</span> <span class='ocrx_word' id='word_1_56' title='bbox 707 2733 754 2783; x_wconf 90' lang='lat' dir='ltr'>ea</span> <span class='ocrx_word' id='word_1_57' title='bbox 778 2733 878 2807; x_wconf 90' lang='lat' dir='ltr'>quae</span> <span class='ocrx_word' id='word_1_58' title='bbox 902 2707 944 2782; x_wconf 92' lang='lat' dir='ltr'>in</span> <span class='ocrx_word' id='word_1_59' title='bbox 972 2707 1226 2784; x_wconf 88' lang='lat' dir='ltr'>Oecumenioo</span> <span class='ocrx_word' id='word_1_60' title='bbox 1261 2708 1435 2785; x_wconf 86' lang='lat' dir='ltr'>Concilio</span> 
     </span>
     <span class='ocr_line' id='line_1_11' title="bbox 199 2823 1437 2922; baseline 0.001 -21"><span class='ocrx_word' id='word_1_61' title='bbox 199 2825 400 2918; x_wconf 87' lang='lat' dir='ltr'>Vaticano,</span> <span class='ocrx_word' id='word_1_62' title='bbox 418 2823 756 2900; x_wconf 76' lang='lat' dir='ltr'>constitutionibus</span> <span class='ocrx_word' id='word_1_63' title='bbox 775 2823 1003 2922; x_wconf 81' lang='lat' dir='ltr'>dogmaticis</span> <span class='ocrx_word' id='word_1_64' title='bbox 1022 2825 1094 2898; x_wconf 77' lang='lat' dir='ltr'>Dei</span> <span class='ocrx_word' id='word_1_65' title='bbox 1111 2825 1227 2900; x_wconf 80' lang='lat' dir='ltr'>Filius</span> <span class='ocrx_word' id='word_1_66' title='bbox 1243 2831 1283 2901; x_wconf 90' lang='lat' dir='ltr'>et</span> <span class='ocrx_word' id='word_1_67' title='bbox 1300 2825 1437 2903; x_wconf 76' lang='lat' dir='ltr'>Pastor</span> 
     </span>
     <span class='ocr_line' id='line_1_12' title="bbox 201 2940 678 3018; baseline -0.004 0"><span class='ocrx_word' id='word_1_68' title='bbox 201 2943 382 3018; x_wconf 80' lang='lat' dir='ltr'>Aeteruus</span> <span class='ocrx_word' id='word_1_69' title='bbox 397 2940 558 3017; x_wconf 88' lang='lat' dir='ltr'>definita</span> <span class='ocrx_word' id='word_1_70' title='bbox 574 2947 678 3016; x_wconf 88' lang='lat' dir='ltr'>sunt.</span> 
     </span>
    </p>

    <p class='ocr_par' dir='ltr' id='par_1_4' title="bbox 201 3055 1438 3506">
     <span class='ocr_line' id='line_1_13' title="bbox 251 3055 1435 3158; baseline 0.002 -26"><span class='ocrx_word' id='word_1_71' title='bbox 251 3059 286 3133; x_wconf 82' lang='lat'>2.</span> <span class='ocrx_word' id='word_1_72' title='bbox 322 3056 526 3132; x_wconf 83' lang='lat' dir='ltr'>Credimus</span> <span class='ocrx_word' id='word_1_73' title='bbox 551 3055 682 3156; x_wconf 90' lang='lat' dir='ltr'>itaque</span> <span class='ocrx_word' id='word_1_74' title='bbox 707 3063 747 3133; x_wconf 90' lang='lat' dir='ltr'>et</span> <span class='ocrx_word' id='word_1_75' title='bbox 772 3058 965 3152; x_wconf 89' lang='lat' dir='ltr'>docemus,</span> <span class='ocrx_word' id='word_1_76' title='bbox 983 3059 1174 3134; x_wconf 89' lang='lat' dir='ltr'>mundum</span> <span class='ocrx_word' id='word_1_77' title='bbox 1192 3083 1329 3158; x_wconf 90' lang='lat' dir='ltr'>resque</span> <span class='ocrx_word' id='word_1_78' title='bbox 1352 3085 1435 3134; x_wconf 89' lang='lat' dir='ltr'>om·</span> 
     </span>
     <span class='ocr_line' id='line_1_14' title="bbox 201 3171 1435 3273; baseline 0 -23"><span class='ocrx_word' id='word_1_79' title='bbox 201 3199 269 3250; x_wconf 86' lang='lat' dir='ltr'>nes</span> <span class='ocrx_word' id='word_1_80' title='bbox 294 3171 460 3273; x_wconf 88' lang='lat' dir='ltr'>quaein</span> <span class='ocrx_word' id='word_1_81' title='bbox 485 3197 530 3248; x_wconf 92' lang='lat' dir='ltr'>eo</span> <span class='ocrx_word' id='word_1_82' title='bbox 555 3171 812 3265; x_wconf 89' lang='lat' dir='ltr'>continentur,</span> <span class='ocrx_word' id='word_1_83' title='bbox 830 3179 871 3248; x_wconf 88' lang='lat' dir='ltr'>et</span> <span class='ocrx_word' id='word_1_84' title='bbox 890 3173 1113 3272; x_wconf 80' lang='lat' dir='ltr'>spirituales</span> <span class='ocrx_word' id='word_1_85' title='bbox 1136 3180 1176 3249; x_wconf 90' lang='lat' dir='ltr'>et</span> <span class='ocrx_word' id='word_1_86' title='bbox 1201 3174 1435 3269; x_wconf 86' lang='lat' dir='ltr'>materiales,</span> 
     </span>
     <span class='ocr_line' id='line_1_15' title="bbox 202 3289 1438 3383; baseline 0 -17"><span class='ocrx_word' id='word_1_87' title='bbox 202 3293 412 3366; x_wconf 88' lang='lat' dir='ltr'>secundum</span> <span class='ocrx_word' id='word_1_88' title='bbox 447 3296 570 3365; x_wconf 89' lang='lat' dir='ltr'>totam</span> <span class='ocrx_word' id='word_1_89' title='bbox 607 3313 719 3364; x_wconf 87' lang='lat' dir='ltr'>suam</span> <span class='ocrx_word' id='word_1_90' title='bbox 755 3289 1013 3364; x_wconf 86' lang='lat' dir='ltr'>substantiam</span> <span class='ocrx_word' id='word_1_91' title='bbox 1050 3315 1074 3365; x_wconf 92' lang='lat' dir='ltr'>a</span> <span class='ocrx_word' id='word_1_92' title='bbox 1110 3289 1203 3383; x_wconf 88' lang='lat' dir='ltr'>Dec,</span> <span class='ocrx_word' id='word_1_93' title='bbox 1234 3289 1438 3366; x_wconf 88' lang='lat' dir='ltr'>liberrima</span> 
     </span>
     <span class='ocr_line' id='line_1_16' title="bbox 201 3404 1298 3506; baseline 0.001 -26"><span class='ocrx_word' id='word_1_94' title='bbox 201 3406 413 3500; x_wconf 79' lang='lat' dir='ltr'>uoluntate,</span> <span class='ocrx_word' id='word_1_95' title='bbox 431 3406 481 3481; x_wconf 90' lang='lat' dir='ltr'>ad</span> <span class='ocrx_word' id='word_1_96' title='bbox 499 3405 559 3481; x_wconf 91' lang='lat' dir='ltr'>sui</span> <span class='ocrx_word' id='word_1_97' title='bbox 576 3404 754 3504; x_wconf 73' lang='lat' dir='ltr'>gloriam,</span> <span class='ocrx_word' id='word_1_98' title='bbox 774 3430 821 3480; x_wconf 82' lang='lat' dir='ltr'>ex</span> <span class='ocrx_word' id='word_1_99' title='bbox 837 3404 961 3480; x_wconf 89' lang='lat' dir='ltr'>nihilo</span> <span class='ocrx_word' id='word_1_100' title='bbox 978 3431 1063 3482; x_wconf 91' lang='lat' dir='ltr'>esse</span> <span class='ocrx_word' id='word_1_101' title='bbox 1080 3407 1298 3506; x_wconf 87' lang='lat' dir='ltr'>productas.</span> 
     </span>
    </p>

    <p class='ocr_par' dir='ltr' id='par_1_5' title="bbox 203 3521 1439 4546">
     <span class='ocr_line' id='line_1_17' title="bbox 251 3521 1436 3600; baseline 0.001 -1"><span class='ocrx_word' id='word_1_102' title='bbox 251 3525 287 3599; x_wconf 88' lang='grc'>3.</span> <span class='ocrx_word' id='word_1_103' title='bbox 324 3522 425 3597; x_wconf 91' lang='lat' dir='ltr'>Item</span> <span class='ocrx_word' id='word_1_104' title='bbox 451 3521 643 3596; x_wconf 91' lang='lat' dir='ltr'>credimus</span> <span class='ocrx_word' id='word_1_105' title='bbox 669 3528 709 3596; x_wconf 90' lang='lat' dir='ltr'>et</span> <span class='ocrx_word' id='word_1_106' title='bbox 734 3523 915 3596; x_wconf 84' lang='lat' dir='ltr'>docemus</span> <span class='ocrx_word' id='word_1_107' title='bbox 942 3521 1069 3598; x_wconf 90' lang='lat' dir='ltr'>Deum</span> <span class='ocrx_word' id='word_1_108' title='bbox 1094 3547 1226 3598; x_wconf 89' lang='lat' dir='ltr'>rerum</span> <span class='ocrx_word' id='word_1_109' title='bbox 1258 3523 1436 3600; x_wconf 91' lang='lat' dir='ltr'>omnium</span> 
     </span>
     <span class='ocr_line' id='line_1_18' title="bbox 203 3636 1437 3738; baseline 0.003 -26"><span class='ocrx_word' id='word_1_110' title='bbox 203 3636 438 3738; x_wconf 88' lang='lat' dir='ltr'>principium</span> <span class='ocrx_word' id='word_1_111' title='bbox 463 3644 503 3712; x_wconf 94' lang='lat' dir='ltr'>et</span> <span class='ocrx_word' id='word_1_112' title='bbox 527 3638 644 3712; x_wconf 86' lang='lat' dir='ltr'>finem</span> <span class='ocrx_word' id='word_1_113' title='bbox 671 3636 840 3712; x_wconf 90' lang='lat' dir='ltr'>naturali</span> <span class='ocrx_word' id='word_1_114' title='bbox 857 3638 1052 3714; x_wconf 88' lang='lat' dir='ltr'>humanae</span> <span class='ocrx_word' id='word_1_115' title='bbox 1068 3638 1231 3714; x_wconf 88' lang='lat' dir='ltr'>rationis</span> <span class='ocrx_word' id='word_1_116' title='bbox 1248 3639 1398 3715; x_wconf 89' lang='lat' dir='ltr'>lumino</span> <span class='ocrx_word' id='word_1_117' title='bbox 1415 3666 1437 3716; x_wconf 91' lang='lat' dir='ltr'>e</span> 
     </span>
     <span class='ocr_line' id='line_1_19' title="bbox 203 3751 1437 3854; baseline 0.002 -25"><span class='ocrx_word' id='word_1_118' title='bbox 203 3755 317 3830; x_wconf 87' lang='lat' dir='ltr'>rebus</span> <span class='ocrx_word' id='word_1_119' title='bbox 334 3752 472 3829; x_wconf 87' lang='lat' dir='ltr'>creatis</span> <span class='ocrx_word' id='word_1_120' title='bbox 486 3760 588 3828; x_wconf 88' lang='lat' dir='ltr'>certo</span> <span class='ocrx_word' id='word_1_121' title='bbox 602 3751 778 3852; x_wconf 81' lang='lat' dir='ltr'>cognosci</span> <span class='ocrx_word' id='word_1_122' title='bbox 795 3778 929 3852; x_wconf 83' lang='lat' dir='ltr'>posse3</span> <span class='ocrx_word' id='word_1_123' title='bbox 956 3761 1128 3830; x_wconf 83' lang='lat' dir='ltr'>attamen</span> <span class='ocrx_word' id='word_1_124' title='bbox 1145 3754 1336 3854; x_wconf 88' lang='lat' dir='ltr'>placuisse</span> <span class='ocrx_word' id='word_1_125' title='bbox 1351 3755 1437 3854; x_wconf 88' lang='lat' dir='ltr'>ejus</span> 
     </span>
     <span class='ocr_line' id='line_1_20' title="bbox 204 3867 1437 3969; baseline 0.001 -23"><span class='ocrx_word' id='word_1_126' title='bbox 204 3868 416 3968; x_wconf 88' lang='lat' dir='ltr'>sapientiae</span> <span class='ocrx_word' id='word_1_127' title='bbox 426 3894 470 3944; x_wconf 93' lang='lat' dir='ltr'>ac</span> <span class='ocrx_word' id='word_1_128' title='bbox 480 3868 644 3944; x_wconf 90' lang='lat' dir='ltr'>bonitati</span> <span class='ocrx_word' id='word_1_129' title='bbox 656 3867 744 3962; x_wconf 88' lang='lat' dir='ltr'>alia,</span> <span class='ocrx_word' id='word_1_130' title='bbox 756 3894 876 3969; x_wconf 89' lang='lat' dir='ltr'>eaque</span> <span class='ocrx_word' id='word_1_131' title='bbox 887 3870 1176 3969; x_wconf 87' lang='lat' dir='ltr'>supernaturali</span> <span class='ocrx_word' id='word_1_132' title='bbox 1188 3869 1252 3946; x_wconf 90' lang='lat' dir='ltr'>via</span> <span class='ocrx_word' id='word_1_133' title='bbox 1263 3870 1437 3969; x_wconf 90' lang='lat' dir='ltr'>seipsum</span> 
     </span>
     <span class='ocr_line' id='line_1_21' title="bbox 204 3983 1436 4091; baseline 0.002 -30"><span class='ocrx_word' id='word_1_134' title='bbox 204 4011 247 4061; x_wconf 89' lang='lat' dir='ltr'>ac</span> <span class='ocrx_word' id='word_1_135' title='bbox 272 3993 429 4060; x_wconf 89' lang='lat' dir='ltr'>aeterna</span> <span class='ocrx_word' id='word_1_136' title='bbox 454 3983 667 4060; x_wconf 88' lang='lat' dir='ltr'>voluntatis</span> <span class='ocrx_word' id='word_1_137' title='bbox 692 4010 786 4061; x_wconf 86' lang='lat' dir='ltr'>suaa</span> <span class='ocrx_word' id='word_1_138' title='bbox 810 3987 964 4062; x_wconf 89' lang='lat' dir='ltr'>decreta</span> <span class='ocrx_word' id='word_1_139' title='bbox 987 3987 1158 4061; x_wconf 91' lang='lat' dir='ltr'>humano</span> <span class='ocrx_word' id='word_1_140' title='bbox 1179 3986 1436 4091; x_wconf 27' lang='lat' dir='ltr'>generi-rere·</span> 
     </span>
     <span class='ocr_line' id='line_1_22' title="bbox 204 4099 1437 4202; baseline 0.002 -25"><span class='ocrx_word' id='word_1_141' title='bbox 204 4103 296 4177; x_wconf 88' lang='lat' dir='ltr'>lare.</span> <span class='ocrx_word' id='word_1_142' title='bbox 349 4099 455 4176; x_wconf 91' lang='lat' dir='ltr'>Huic</span> <span class='ocrx_word' id='word_1_143' title='bbox 478 4099 636 4177; x_wconf 89' lang='lat' dir='ltr'>divinae</span> <span class='ocrx_word' id='word_1_144' title='bbox 659 4101 888 4176; x_wconf 88' lang='lat' dir='ltr'>revelationi</span> <span class='ocrx_word' id='word_1_145' title='bbox 914 4101 1165 4178; x_wconf 88' lang='lat' dir='ltr'>tribuendum</span> <span class='ocrx_word' id='word_1_146' title='bbox 1191 4101 1349 4202; x_wconf 89' lang='lat' dir='ltr'>quidem</span> <span class='ocrx_word' id='word_1_147' title='bbox 1366 4110 1437 4197; x_wconf 89' lang='lat' dir='ltr'>est,</span> 
     </span>
     <span class='ocr_line' id='line_1_23' title="bbox 206 4215 1439 4319; baseline 0.002 -26"><span class='ocrx_word' id='word_1_148' title='bbox 206 4225 249 4293; x_wconf 90' lang='lat' dir='ltr'>ut</span> <span class='ocrx_word' id='word_1_149' title='bbox 260 4241 359 4317; x_wconf 90' lang='lat' dir='ltr'>quae</span> <span class='ocrx_word' id='word_1_150' title='bbox 376 4215 417 4291; x_wconf 92' lang='lat' dir='ltr'>in</span> <span class='ocrx_word' id='word_1_151' title='bbox 434 4217 551 4291; x_wconf 89' lang='lat' dir='ltr'>rebus</span> <span class='ocrx_word' id='word_1_152' title='bbox 568 4216 713 4291; x_wconf 89' lang='lat' dir='ltr'>divinis</span> <span class='ocrx_word' id='word_1_153' title='bbox 729 4217 924 4293; x_wconf 88' lang='lat' dir='ltr'>humanae</span> <span class='ocrx_word' id='word_1_154' title='bbox 939 4217 1081 4293; x_wconf 90' lang='lat' dir='ltr'>rationi</span> <span class='ocrx_word' id='word_1_155' title='bbox 1099 4243 1170 4319; x_wconf 90' lang='lat' dir='ltr'>per</span> <span class='ocrx_word' id='word_1_156' title='bbox 1187 4243 1229 4294; x_wconf 91' lang='lat' dir='ltr'>so</span> <span class='ocrx_word' id='word_1_157' title='bbox 1245 4217 1439 4317; x_wconf 83' lang='lat' dir='ltr'>impervia</span> 
     </span>
     <span class='ocr_line' id='line_1_24' title="bbox 206 4331 1438 4433; baseline 0.001 -24"><span class='ocrx_word' id='word_1_158' title='bbox 206 4359 283 4409; x_wconf 91' lang='lat' dir='ltr'>non</span> <span class='ocrx_word' id='word_1_159' title='bbox 300 4338 402 4425; x_wconf 86' lang='lat' dir='ltr'>sunt,</span> <span class='ocrx_word' id='word_1_160' title='bbox 416 4331 458 4407; x_wconf 94' lang='lat' dir='ltr'>in</span> <span class='ocrx_word' id='word_1_161' title='bbox 475 4333 671 4433; x_wconf 88' lang='lat' dir='ltr'>praesenti</span> <span class='ocrx_word' id='word_1_162' title='bbox 688 4358 840 4432; x_wconf 86' lang='lat' dir='ltr'>quoque</span> <span class='ocrx_word' id='word_1_163' title='bbox 856 4333 1009 4432; x_wconf 89' lang='lat' dir='ltr'>generis</span> <span class='ocrx_word' id='word_1_164' title='bbox 1025 4334 1187 4410; x_wconf 89' lang='lat' dir='ltr'>humani</span> <span class='ocrx_word' id='word_1_165' title='bbox 1205 4334 1438 4429; x_wconf 84' lang='lat' dir='ltr'>conditione,</span> 
     </span>
     <span class='ocr_line' id='line_1_25' title="bbox 206 4448 1438 4546; baseline 0.001 -21"><span class='ocrx_word' id='word_1_166' title='bbox 206 4450 255 4525; x_wconf 91' lang='lat' dir='ltr'>ab</span> <span class='ocrx_word' id='word_1_167' title='bbox 280 4448 460 4525; x_wconf 92' lang='lat' dir='ltr'>omnibus</span> <span class='ocrx_word' id='word_1_168' title='bbox 486 4449 674 4546; x_wconf 78' lang='lat' dir='ltr'>expedite,</span> <span class='ocrx_word' id='word_1_169' title='bbox 691 4450 805 4523; x_wconf 90' lang='lat' dir='ltr'>firma</span> <span class='ocrx_word' id='word_1_170' title='bbox 829 4448 1061 4526; x_wconf 86' lang='lat' dir='ltr'>certitudine</span> <span class='ocrx_word' id='word_1_171' title='bbox 1077 4457 1117 4526; x_wconf 89' lang='lat' dir='ltr'>et</span> <span class='ocrx_word' id='word_1_172' title='bbox 1134 4451 1243 4527; x_wconf 91' lang='lat' dir='ltr'>nullo</span> <span class='ocrx_word' id='word_1_173' title='bbox 1263 4450 1438 4526; x_wconf 84' lang='lat' dir='ltr'>admixto</span> 
     </span>
    </p>
   </div>
   <div class='ocr_carea' id='block_1_4' title="bbox 206 4564 1439 4749">
    <p class='ocr_par' dir='ltr' id='par_1_6' title="bbox 206 4564 1439 4749">
     <span class='ocr_line' id='line_1_26' title="bbox 206 4564 1439 4666; baseline 0.001 -25"><span class='ocrx_word' id='word_1_174' title='bbox 206 4591 335 4641; x_wconf 87' lang='lat' dir='ltr'>errore</span> <span class='ocrx_word' id='word_1_175' title='bbox 359 4564 535 4664; x_wconf 86' lang='lat' dir='ltr'>cognosci</span> <span class='ocrx_word' id='word_1_176' title='bbox 560 4565 723 4665; x_wconf 86' lang='lat' dir='ltr'>possint.</span> <span class='ocrx_word' id='word_1_177' title='bbox 776 4564 937 4641; x_wconf 87' lang='lat' dir='ltr'>Praeter</span> <span class='ocrx_word' id='word_1_178' title='bbox 961 4591 1018 4660; x_wconf 90' lang='lat' dir='ltr'>ea,</span> <span class='ocrx_word' id='word_1_179' title='bbox 1045 4567 1094 4642; x_wconf 90' lang='lat' dir='ltr'>ad</span> <span class='ocrx_word' id='word_1_180' title='bbox 1120 4591 1218 4666; x_wconf 87' lang='lat' dir='ltr'>quae</span> <span class='ocrx_word' id='word_1_181' title='bbox 1246 4566 1439 4642; x_wconf 89' lang='lat' dir='ltr'>naturalis</span> 
     </span>
     <span class='ocr_line' id='line_1_27' title="bbox 336 4686 359 4749; baseline 0 0"><span class='ocrx_word' id='word_1_182' title='bbox 336 4686 359 4749; x_wconf 80' lang='lat'>4</span> 
     </span>
    </p>
   </div>
   <div class='ocr_carea' id='block_1_5' title="bbox 0 0 1660 5318">
    <p class='ocr_par' dir='ltr' id='par_1_7' title="bbox 0 0 1660 5318">
     <span class='ocr_line' id='line_1_28' title="bbox 0 0 1660 5318; baseline 0 0"><span class='ocrx_word' id='word_1_183' title='bbox 0 0 1660 5318; x_wconf 95' lang='lat' dir='ltr'> </span> 
     </span>
    </p>
   </div>
  </div>
 </body>
</html>
