3278 5318
225 501 288 565 288
717 512 959 560 nrrnunrx.

223 680 348 738 servata
369 670 472 738 forma
492 669 589 759 legali
614 669 816 752 adhibentur,
839 668 884 733 ita
909 677 1016 732 tamen
1038 675 1074 730 ut
1093 665 1226 736 illarum
1248 664 1394 729 executio
1416 687 1457 729 ex

223 775 331 862 aliquo
345 785 418 841 actu
431 783 546 862 pateat.

267 897 332 946 Vn.
363 878 462 958 Quod
481 879 509 944 si
528 879 719 944 monitiones
737 878 773 942 in
791 875 920 941 irritum
938 874 1061 959 cedant,
1076 874 1267 941 Ordincrius
1286 873 1385 956 iubet,
1400 895 1460 959 per

224 981 357 1048 Curiam
381 982 581 1068 delinquenti
605 981 777 1068 analogum
800 988 1002 1068 praeceptum
1028 979 1172 1044 intimari
1196 977 1251 1061 ita,
1273 985 1311 1042 ut
1335 977 1371 1042 in
1397 976 1459 1042 hoc

223 1085 400 1171 explicetur
419 1084 500 1172 quid
521 1084 589 1170 ipse
607 1083 662 1151 vel
682 1083 783 1148 faeere
799 1081 853 1150 vel
872 1082 974 1149 vitare
994 1081 1116 1164 debeat,
1133 1081 1244 1146 addita
1263 1079 1460 1166 respectivae

224 1210 342 1274 poenae
354 1187 577 1254 ecclesiastieae
591 1187 844 1269 comminatione,
859 1208 956 1274 qnam
975 1185 1004 1249 si
1022 1195 1224 1271 praeceptum
1243 1183 1459 1271 transgredia-

224 1300 287 1376 tur,
302 1292 450 1359 incurret.

267 1414 347 1463 Vnt.
378 1397 586 1484 Praeceptum
607 1394 807 1483 delinquenti
828 1417 848 1460 a
870 1393 986 1461 Curiae
1006 1393 1192 1459 ‹ancellario
1213 1416 1320 1458 eoram
1336 1391 1460 1459 vicario

222 1499 363 1586 generali
382 1500 572 1587 iniungitur,
588 1500 752 1564 autetiam
766 1521 872 1563 coram
885 1496 1011 1563 dnobus
1027 1497 1161 1562 testibus
1175 1496 1390 1562 ecclesiasticis
1405 1495 1458 1564 vel

224 1601 312 1668 laicis
325 1613 481 1689 spectatae
493 1603 671 1689 probitatis.

269 1708 308 1770 10
329 1706 431 1771 Actus
446 1705 652 1771 iniunctionis
666 1705 823 1793 praecepti
837 1706 982 1793 signatur
996 1728 1014 1770 a
1028 1705 1173 1792 partibus
1187 1704 1416 1792 praesentibus,
1427 1713 1461 1770 et

222 1832 243 1875 a
255 1808 459 1895 delinquente
473 1811 578 1893 etiam,
592 1810 620 1876 si
634 1811 723 1876 velit.

267 1915 298 1978 2.
324 1913 478 1993 Vitarins
498 1913 655 2000 generalis
676 1914 899 1980 iusiurandum
912 1915 1046 1981 testibus
1060 1915 1223 2001 imponere
1236 1921 1341 2001 potest
1355 1913 1397 1981 de
1410 1937 1461 1981 se·

222 2024 307 2083 creto
321 2017 487 2100 servando,
498 2018 527 2082 si
541 2015 714 2104 prudenter
728 2040 747 2084 a
761 2028 875 2085 natura
888 2020 944 2103 rei,
955 2018 996 2085 de
1009 2041 1074 2107 qua
1087 2019 1204 2105 agitur,
1216 2017 1251 2082 id
1264 2018 1460 2105 requiratur.

266 2139 320 2187 1x.
350 2120 449 2202 Quod
463 2144 541 2189 vero
556 2121 692 2208 pertinet
704 2121 747 2187 ad
760 2122 900 2188 remedia
913 2123 1088 2210 repressiva
1100 2144 1157 2187 seu
1170 2144 1297 2208 poenes,
1311 2122 1461 2187 animad-

223 2233 351 2289 vertant
360 2224 526 2289 Ordinarii
542 2225 576 2289 in
589 2247 647 2290 sno
661 2225 757 2312 pleno
768 2226 880 2312 vigore
893 2248 1021 2291 manere
1030 2224 1207 2290 remedium
1217 2224 1462 2290 extraiudieinle

223 2350 265 2392 ex
278 2328 450 2393 informata
464 2329 653 2394 conscientia
667 2351 726 2414 pro
736 2329 868 2395 occultis
882 2329 1021 2395 reatibus
1034 2327 1097 2394 aS.
1110 2327 1255 2394 Concilio
1265 2327 1461 2395 Tridentino

223 2432 432 2497 constitutum
447 2431 528 2497 Sese.
543 2451 633 2515 xlv„
647 2455 715 2518 (ap.
733 2434 763 2498 1.
778 2432 819 2497 de
832 2433 976 2501 Reform.

267 2554 304 2601 x.
335 2534 378 2599 In
400 2536 523 2600 actione
544 2536 705 2624 criminali
727 2535 780 2603 vel
802 2536 844 2602 ob
866 2536 1022 2624 praecepti
1044 2535 1324 2621 inobservantiam,
1338 2536 1395 2604 vel
1416 2536 1460 2603 ob

222 2660 405 2703 communes
433 2647 549 2722 reatus,
578 2638 632 2704 vel
661 2639 703 2704 ob
732 2639 1009 2706 ecclesiasticarum
1038 2640 1146 2727 legum
1175 2642 1459 2727 transgressionem

222 2764 384 2828 processus
405 2743 576 2807 summarie
601 2750 633 2808 et
657 2743 726 2808 sinc
746 2745 881 2830 strepitu
902 2743 1013 2809 iudicii
1033 2744 1168 2810 servatis
1188 2765 1313 2830 semper
1333 2744 1370 2807 in
1390 2754 1460 2810 tota

223 2867 281 2910 sua
300 2845 479 2911 substantia
500 2846 640 2912 iustitiae
660 2847 780 2933 regulis
800 2848 994 2915 conficiatur.

266 2967 319 3015 ιιι.
350 2949 519 3015 Processus
533 2972 575 3014 ex
588 2948 691 3016 officio
705 2950 884 3035 instmitur,
898 2951 951 3017 vel
970 2962 1096 3039 accepto
1109 2951 1248 3040 supplici
1267 2951 1388 3036 libello,
1403 2951 1460 3019 vel

222 3052 427 3135 coornatione,
443 3053 495 3118 vel
511 3053 627 3119 nuncio
640 3054 864 3140 quoquomodo
883 3054 925 3121 ad
944 3055 1077 3121 Curiam
1096 3055 1228 3142 perlato,
1243 3064 1275 3120 et
1294 3078 1397 3143 nsque
1414 3056 1460 3122 ad

222 3157 396 3221 terminum
410 3156 595 3243 perducitur
613 3179 651 3223 eo
664 3157 806 3241 consilio,
820 3167 858 3222 ut
871 3159 960 3224 omni
974 3159 1081 3224 studio
1099 3182 1137 3224 ac
1154 3157 1325 3246 prudentia
1337 3160 1461 3225 veritas

222 3259 396 3349 detegatur,
411 3283 448 3326 ac
468 3270 539 3326 tum
560 3260 601 3327 dc
619 3259 752 3326 crimine
772 3269 844 3326 turn
865 3261 905 3327 de
923 3262 1035 3328 reitate
1047 3262 1101 3329 vel
1122 3262 1302 3329 innocentis
1319 3263 1460 3330 accusati

223 3387 316 3430 (ausa
329 3365 495 3451 eliquetur.
541 3437 545 3445 ⁸

266 3487 333 3534 ΧΗ.
360 3468 430 3534 Ubi
441 3468 557 3534 Curiae
568 3468 630 3534 iam
641 3470 828 3536 constitutae
837 3477 923 3554 sunt,
932 3471 1115 3558 compilatio
1126 3462 1288 3559 procedsns
1297 3472 1460 3538 committi

223 3581 326 3658 potest
340 3571 440 3658 probo
454 3595 491 3637 ac
504 3572 607 3658 perito
622 3572 694 3638 viro
708 3572 924 3657 ecclesiastice,
939 3575 992 3640 cui
1005 3576 1129 3641 assistat
1142 3576 1311 3642 actuarius.

267 3674 309 3740 In
332 3676 524 3740 dioecoeibus
538 3698 615 3741 vero
630 3676 796 3764 inquibus
818 3677 933 3743 Curiae
953 3677 1145 3766 episcopales
1166 3678 1310 3746 nondum
1331 3679 1460 3767 possint

223 3779 358 3861 institui,
371 3779 498 3843 interim
510 3779 707 3845 observanda
721 3791 768 3845 ost
782 3779 957 3846 Instructio
970 3781 1046 3846 anni
1063 3784 1148 3849 1878
1162 3805 1237 3847 oum
1251 3783 1459 3870 responsione

223 3907 293 3948 eam
315 3883 516 3970 subsequenti
531 3883 573 3948 ad
587 3885 750 3970 proposita
763 3882 869 3951 dubia.
914 3883 1078 3954 Videlicet
1098 3886 1220 3974 singuli
1234 3887 1408 3953 Antistites
1421 3887 1459 3953 in

223 3986 346 4074 synodo
367 3985 549 4052 dioecesana
569 3986 679 4052 andito
701 3988 886 4054 elericorum
903 3989 1046 4073 consilio,
1061 3989 1149 4078 quod
1163 3999 1270 4055 tamen
1283 3990 1375 4078 sequi
1389 4014 1459 4057 non

223 4101 380 4173 tenentur,
398 4091 550 4177 quinque,
565 4090 617 4156 vel
640 4091 697 4156 ubi
718 4092 868 4157 adiuncta
888 4114 995 4158 rerum
1017 4093 1051 4159 id
1075 4094 1141 4159 ficri
1164 4116 1228 4159 non
1250 4095 1369 4178 sinant,
1390 4103 1459 4163 tres

223 4195 335 4261 saltem
358 4195 556 4282 presbyteros
578 4217 618 4260 ex
639 4194 871 4281 probatissimis
892 4204 923 4262 et
944 4207 1102 4283 quantum
1115 4197 1184 4262 fieri
1201 4198 1320 4285 poterit
1337 4198 1373 4263 in
1387 4198 1460 4267 iure

223 4300 373 4366 οοιιοιιίοο
402 4299 512 4386 peritis
539 4297 676 4385 seligant
702 4295 744 4364 ad
776 4298 961 4365 huiusmodi
990 4299 1140 4385 officium,
1169 4311 1206 4366 ut
1234 4301 1270 4366 in
1295 4302 1460 4389 praedicta

225 4403 440 4470 Instructione
462 4401 654 4468 declaratum
678 4410 791 4486 exstat,
813 4402 1034 4472 exercendum.
1078 4404 1177 4485 Quod
1199 4404 1227 4471 si
1251 4405 1293 4471 ob
1314 4406 1459 4493 aliquam

224 4532 356 4597 gravem
377 4529 504 4573 calnam
524 4505 666 4592 synodus
687 4505 797 4571 haberi
819 4516 963 4593 nequeat,
978 4509 1120 4596 quinque
1141 4509 1195 4577 vel
1216 4518 1281 4575 troe
1303 4519 1460 4598 utsupra

224 4611 421 4677 ecclesiastici
436 4610 500 4676 viri
522 4630 579 4698 per
594 4609 778 4696 episcopum
799 4608 841 4675 ad
861 4608 947 4676 idem
968 4633 1086 4678 munus
1104 4611 1307 4700 deputentur.
1353 4613 1459 4681 Eletti
