3278 5318
205 505 269 570 204
697 518 940 566 Arrsxmx.

203 678 317 764 incipit
336 677 414 743 Oum
434 677 522 760 illud,
547 679 589 741 14
611 675 796 741 Decembris
820 677 916 758 1742,
937 674 1096 762 praefatas
1119 674 1241 741 litteras
1264 674 1360 762 (quae
1382 698 1440 762 per

181 846 184 851 .
203 782 364 868 integrum
380 781 498 845 ibidem
513 779 708 867 referuntur)
723 781 923 861 confirmans,
939 779 1096 844 nonnulla
1115 789 1276 865 praeterea
1289 779 1440 844 addenda

202 885 255 951 vel
272 884 480 967 immutanda,
493 884 649 948 nonnulla
664 884 804 950 breviter
817 883 853 947 in
867 882 979 947 iisdem
990 882 1109 948 tradita
1119 883 1235 947 elarius
1245 882 1439 968 explicanda

202 989 333 1054 censuit.

248 1091 348 1157 quta
369 1093 597 1179 praescriptum
620 1090 757 1158 Concilii
778 1090 961 1156 Tridentini
976 1114 1013 1155 ao
1026 1091 1250 1156 Benedictinae
1272 1091 1439 1156 Constitu·

204 1196 310 1279 tionis,
326 1219 459 1261 examen
473 1220 529 1281 per
547 1218 734 1260 coneursum
748 1204 815 1259 tam
829 1217 925 1280 super
938 1194 1091 1277 doctriua,
1105 1217 1201 1282 quam
1217 1217 1313 1280 super
1326 1196 1439 1260 ceteris

202 1301 458 1364 concurrentium
487 1299 648 1386 requisitis
676 1297 895 1386 qualitatibus,
924 1297 1107 1363 habendum
1135 1307 1183 1363 est
1205 1294 1286 1363 ¹eum
1311 1300 1439 1365 vacatio

205 1402 363 1468 Ecclesiae
392 1403 576 1489 paroecialis
604 1401 781 1489 eontigerit.
835 1401 939 1487 Viget
967 1401 1179 1467 nihilominus
1208 1402 1243 1466 in
1272 1401 1439 1488 aliquibus

202 1506 397 1571 dioecesibus
419 1506 612 1571 consuetudo
633 1528 766 1570 examen
780 1504 821 1571 de
834 1504 979 1570 doctrina
1000 1504 1165 1591 separandi
1180 1506 1221 1570 ab
1234 1507 1384 1571 examine
1398 1505 1439 1570 de

202 1609 334 1697 reliquis
355 1610 514 1674 canonicis
536 1609 706 1695 requisitis,
728 1608 841 1673 etheo
861 1606 903 1673 ad
926 1608 1031 1694 ipsum
1053 1631 1113 1694 pro
1133 1618 1267 1674 vaumte
1291 1610 1438 1695 paroecia

202 1735 389 1777 coneursum
412 1713 543 1776 remisso
557 1735 691 1777 examen
704 1710 745 1777 de
758 1712 889 1776 scientia
902 1712 967 1776 alio
982 1713 1085 1797 magis
1099 1722 1279 1798 opportuno
1293 1724 1439 1798 tempore

202 1815 400 1881 instituendi.
850 1806 853 1810 ’

245 1920 463 1999 Quamobrem
486 1922 660 2006 generatim
676 1920 724 1984 bis
740 1920 773 1985 in
787 1943 871 1985 anno
886 1943 1018 1984 examen
1041 1921 1175 1985 habetur
1189 1919 1385 1995 descientia,
1402 1921 1437 1986 in

201 2046 267 2109 quo
281 2023 338 2110 qui
348 2024 515 2109 approbati
527 2023 655 2105 suerint,
666 2023 706 2088 ad
722 2022 944 2109 quodcumque
955 2023 1134 2108 parochiale
1145 2023 1334 2087 lxmefieium
1351 2024 1437 2088 iutra

203 2150 259 2191 sex
274 2128 439 2214 proximus
452 2137 616 2214 sequentes
630 2150 732 2191 armos
745 2136 928 2192 vacaturam
949 2126 1156 2191 concurrendi
1171 2126 1222 2190 ius
1237 2126 1366 2208 habeut,
1380 2126 1437 2192 sed

202 2242 337 2295 exeunte
361 2231 521 2312 sexennio,
543 2229 683 2294 examini
710 2252 744 2294 se
767 2228 872 2294 denuo
896 2230 1006 2294 sistere
1027 2239 1176 2294 tenentur
1196 2230 1224 2293 si
1244 2229 1437 2296 beneficium

201 2333 381 2420 parochiale
395 2334 537 2399 obtinere
550 2332 662 2399 velint..
707 2334 740 2397 A
752 2332 821 2420 lege
831 2344 938 2397 autem
948 2333 1105 2398 subeundi
1116 2334 1177 2399 hoc
1187 2356 1308 2399 novum
1323 2344 1437 2399 exacto

201 2438 352 2502 sexennio
373 2460 504 2502 examen
526 2436 568 2501 ab
591 2436 761 2523 EpiseopO,
780 2437 890 2501 audita
911 2437 1164 2501 examinatorum
1186 2438 1352 2517 sententia,
1369 2436 1437 2503 dis-

202 2540 325 2626 pensari
347 2550 480 2626 possunt
501 2541 558 2626 qui
580 2540 664 2604 inter
684 2540 852 2626 synodales
874 2540 926 2607 vol
948 2541 1190 2626 pro-synodales
1204 2541 1437 2607 examinatores

201 2653 277 2708 suut
298 2644 463 2729 assumpti,
478 2655 534 2708 aut
556 2644 611 2730 qui
635 2653 763 2730 propter
786 2644 926 2708 muneris
947 2643 1001 2708 vel
1024 2643 1166 2707 beneficii
1189 2667 1254 2730 quo
1279 2644 1437 2710 fruuntur

201 2747 400 2832 dignitatem,
415 2745 468 2812 vel
491 2757 620 2833 propter
640 2746 827 2812 ‹liruurnam
849 2770 977 2832 operam
998 2770 1063 2835 qua
1079 2747 1236 2812 Ecclesiae
1249 2771 1324 2812 eum
1341 2747 1437 2814 laude

201 2850 389 2931 servierunt,
404 2850 551 2914 scientiae
565 2851 783 2915 testimonium
799 2851 926 2916 abunde
942 2847 1112 2937 praestant.
1157 2852 1307 2917 Ceterum
1324 2875 1436 2938 paroe-

201 2954 249 3018 cia
274 2953 382 3039 aliqua
403 2965 544 3036 vacante,
567 2977 736 3018 concursus
762 2954 905 3037 habetur,
926 2954 1208 3037 examinatoribus,
1229 2955 1376 3021 adhibita
1398 2979 1436 3022 ea

201 3080 282 3143 quae
303 3055 337 3121 in
360 3079 419 3120 usu
441 3066 488 3121 est
509 3058 663 3139 (aratione,
679 3056 893 3122 iudicantibus
909 3058 1041 3145 quinam
1058 3081 1100 3122 ex
1113 3058 1376 3144 competitoribus
1391 3060 1435 3126 ad

201 3160 372 3246 regendam
393 3160 571 3246 paroeciam
585 3171 750 3226 vacantem
763 3161 831 3247 apti
845 3161 921 3244 sint,
935 3160 1027 3226 salvo
1043 3184 1167 3247 semper
1189 3161 1351 3247 Episcopo
1365 3162 1436 3229 iure

201 3262 339 3350 eligendi
363 3263 445 3328 iuter
465 3263 667 3349 approbatos,
688 3286 783 3349 quern
805 3263 873 3349 ipse
893 3263 1072 3349 digniorem
1100 3265 1319 3350 aptioremque
1349 3265 1436 3331 iudi·

201 3367 330 3433 caverit.
374 3366 466 3431 Haec
488 3389 583 3452 porro
607 3367 717 3451 praxis
739 3366 781 3430 ab
803 3367 990 3453 Apostoliua
1010 3367 1091 3432 Sede
1111 3368 1280 3454 approbari
1296 3367 1378 3434 solet
1391 3370 1436 3435 ad

201 3479 368 3639 ιθἯιῖῗιιη]
384 3575 418 3639 in
433 3574 579 3640 Aedibus
593 3573 627 3640 S.
643 3574 680 3640 C.
696 3572 737 3638 de
750 3574 849 3661 Prop.
865 3575 958 3658 Fide,
975 3578 1017 3641 10
1031 3576 1179 3641 Octobris
1194 3578 1290 3643 1884.

305 3845 543 3920 Iusrnucrro
568 3846 606 3921 S.
633 3845 990 3922 Couoxnoarroms
1011 3870 1064 3922 on
1090 3847 1340 3923 Pxor.F1on

534 3981 587 4033 on
613 3960 765 4036 Trruno
792 3962 1102 4038 Onomarrours.

651 4142 725 4229 [Ad
739 4167 777 4231 p.
794 4148 846 4227 31,
861 4168 893 4210 a.
911 4145 981 4233 61.]

244 4316 278 4385 l.
305 4313 390 4382 Cum
413 4314 596 4380 indeeomm
619 4313 751 4380 omnino
769 4314 821 4396 sit,
835 4325 931 4401 atque
949 4339 969 4381 a
990 4315 1197 4401 Clerioorum,
1214 4317 1320 4405 quiin
1336 4321 1437 4385 saeris

199 4418 378 4485 Ordinibus
411 4419 659 4500 (latrocinantur,
688 4418 845 4504 dignitate
876 4442 1006 4505 prorsus
1033 4420 1186 4504 alienum,
1217 4430 1254 4486 ut
1286 4420 1346 4506 ipsi
1376 4438 1435 4489 aut

198 4523 400 4589 emendicatis
429 4522 579 4587 subsidiis
606 4532 663 4587 aut
692 4545 732 4586 ex
761 4521 891 4587 sordido
919 4533 1052 4608 quaestu
1077 4547 1113 4589 ea
1139 4548 1220 4610 quae
1243 4525 1285 4589 ad
1309 4526 1435 4591 vietum

199 4626 369 4692 necessaria
395 4635 480 4707 eruit,
502 4625 563 4689 sibi
589 4648 770 4712 comparare
795 4636 969 4713 cogantur,
1006 4649 1099 4692 nemo
1124 4627 1261 4714 ignorat,
1282 4628 1324 4693 ab
1347 4630 1435 4695 anti·
