3278 5318
205 488 248 552 54
439 499 621 546 rinunus
650 499 834 545 rra-nn
863 472 1001 544 ounru
1031 497 1203 547 nnvrno.

203 657 369 733 tantiam
404 654 643 753 frequentius
682 653 816 751 utique
853 661 1056 729 occurrant
1092 651 1135 727 in
1174 651 1439 745 missionibus,

204 775 344 849 Sancta
378 773 494 846 Sedes
529 769 795 862 missionariis‚
823 769 880 844 uti
910 768 978 867 jus
1010 794 1216 845 commune
1246 768 1439 866 parochia

204 888 367 989 provide
384 887 562 984 indulget
584 910 653 984 per
670 885 892 960 facultatem
910 911 1028 983 quam
1052 884 1270 961 Ordinariis
1287 882 1438 958 missio·

205 1030 299 1080 num
313 1002 487 1078 concedit
505 1000 757 1076 “celebrandi
775 1000 835 1075 bis
852 1000 972 1076 indie
989 1000 1023 1075 si
1041 1001 1246 1076 necessitas
1264 999 1438 1099 urgeat‚”

204 1127 319 1219 atque
349 1121 449 1194 hauc
478 1118 702 1193 facultatem
732 1116 850 1192 etiam
886 1122 907 1159 “
920 1116 1008 1191 aliis
1037 1116 1300 1193 sacerdotibus
1336 1140 1438 1191 com·

204 1234 465 1312 munieandi.”
522 1234 668 1332 (Form.
688 1254 728 1326 1.,
747 1258 812 1306 nn.
831 1234 892 1326 23,
910 1233 988 1332 28.)

255 1354 340 1428 102.
376 1348 573 1448 Religiose
601 1356 733 1423 tamen
769 1350 945 1425 attendat
974 1348 1205 1425 Ordinarius
1239 1347 1439 1424 licentiam

137 1478 140 1487 '
203 1468 314 1560 hanc,
342 1474 476 1566 uptote
501 1464 764 1563 exceptionem
791 1490 814 1538 a
843 1464 938 1563 lege,
968 1465 1110 1541 strictis
1134 1465 1324 1540 vallatam
1354 1490 1440 1542 esse
1543 1506 1549 1517 ·

187 1582 501 1661 'conditionibus
554 1581 729 1655 “Caveat
751 1606 843 1655 vero
871 1606 919 1655 ne
944 1581 1143 1681 praedicta
1161 1582 1344 1656 facultate
1369 1606 1441 1659 seu

203 1697 492 1799 dispensatione
523 1696 743 1772 celebrandi
765 1696 827 1772 bis
850 1696 891 1771 iu
917 1696 980 1772 die
1002 1696 1116 1772 aliter
1137 1723 1254 1797 quam
1278 1722 1327 1773 ex
1350 1723 1439 1797 gra·

203 1814 375 1891 vissimis
392 1811 517 1888 causis
535 1819 574 1888 et
590 1811 788 1887 rarissime
807 1819 950 1906 utatur,
968 1811 1010 1888 in
1028 1839 1104 1913 quo
1120 1813 1294 1912 graviter
1313 1812 1441 1913 ipsius

202 1928 436 2007 conscientia
457 1935 652 2004 oneratur.
703 1927 817 2017 Quod
842 1927 877 2003 si
901 1929 1002 2004 hanc
1024 1932 1188 2004 eandem
1212 1929 1440 2028 facultatem

203 2045 316 2124 alteri
342 2044 531 2121 sacerdoti
561 2046 672 2091 *²³*
702 2044 987 2121 communicare
1016 2047 1037 2092 ‘l‘
1062 2047 1082 2092 *
1107 2045 1281 2121 *visum
1307 2046 1439 2141 fuerit,

203 2162 303 2240 serie
326 2161 450 2260 ipsius
473 2160 728 2236 conscientiae
750 2159 980 2259 injungitur,
998 2168 1044 2238 ut
1066 2161 1198 2262 paucis
1221 2163 1439 2260 dumtaxat,

201 2279 327 2379 iisque
344 2276 569 2354 maturioris
585 2276 817 2376 prudentiae
834 2302 878 2352 ac
895 2277 967 2352 zeli
985 2276 1104 2377 etqui
1120 2278 1296 2354 absolute
1310 2304 1439 2357 neces·

202 2395 295 2472 sarii
313 2401 415 2489 sunt,
434 2418 503 2468 nec
519 2418 591 2493 pro
609 2393 782 2492 quolibet
797 2393 892 2487 loco,
910 2395 979 2469 sed
995 2393 1063 2470 ubi
1080 2393 1211 2493 gravis
1229 2394 1439 2473 necessitas

201 2510 338 2587 tulerit
350 2518 389 2586 et
402 2511 452 2585 ad
465 2510 582 2584 breve
594 2515 748 2607 tempus
762 2510 939 2585 eamdem
952 2508 1244 2585 eommunicet.'’
1287 2511 1438 2607 (Form.

203 2648 244 2721 1.‚
258 2652 296 2701 n.
311 2627 389 2718 23.)
446 2624 620 2700 Discrete
637 2649 729 2722 ergo
747 2631 786 2700 et
803 2626 1026 2723 prudenter,
1040 2650 1135 2725 prae
1151 2625 1272 2701 oculis
1290 2625 1438 2705 habitis

202 2750 243 2839 et
263 2740 457 2817 facultatis
475 2739 653 2816 terminis
675 2748 715 2816 et
738 2740 1075 2839 explanationibus
1092 2741 1268 2841 repetitis
1284 2742 1438 2820 vicibus

202 2857 304 2935 datis
328 2884 351 2933 a
368 2859 406 2932 S.
424 2858 533 2951 Sede,
552 2856 707 2932 licentia
723 2857 783 2931 bis
802 2858 936 2932 eodem
955 2857 1019 2933 die
1035 2858 1255 2934 celebrandi
1272 2866 1438 2937 utantur

203 2974 399 3052 Ordinarii
423 2980 539 3071 atque
562 2976 789 3067 sacerdotes,
811 2998 855 3048 ac
878 2975 1013 3049 sedule
1036 2981 1248 3074 sequantur
1269 2974 1437 3054 instruc·

200 3089 347 3166 tionem
371 3116 417 3165 ea
440 3090 488 3165 de
511 3114 554 3164 re
579 3088 761 3163 emissam
788 3115 811 3164 a
837 3090 875 3164 S.
894 3088 1199 3189 Congregatione
1222 3091 1270 3165 de
1288 3090 1436 3192 Propa-

200 3209 330 3307 ganda
347 3206 456 3300 Fide,
473 3207 524 3279 24
542 3204 652 3298 Maii,
667 3206 776 3300 1870,
791 3212 831 3281 et
847 3205 1070 3304 nuperrime
1085 3205 1207 3282 Nobis
1225 3206 1369 3284 iterum
1387 3209 1438 3286 ab

199 3325 336 3399 eadem
355 3320 660 3421 Congrogatione
677 3321 933 3398 inculcatam.1

251 3441 336 3515 103.
380 3439 467 3513 Illis
510 3464 557 3513 ex
600 3437 840 3513 documentis
882 3446 1033 3514 constat
1073 3441 1341 3516 necessitatem
1385 3444 1437 3518 ad

200 3555 360 3631 missam
378 3555 596 3630 iterandam
622 3552 848 3652 requisitam
867 3580 944 3629 non
962 3557 1095 3631 adesse
1113 3555 1154 3630 in
1172 3556 1309 3632 diebus
1325 3557 1436 3634 festis

199 3670 430 3769 suppressis,
466 3695 589 3769 neque
624 3676 669 3745 ut
701 3669 821 3744 missa
854 3678 1054 3769 repetatur
1086 3671 1128 3746 in
1162 3696 1297 3747 eorum
1331 3698 1434 3750 com·

199 3790 360 3862 modum
394 3785 462 3885 qui
496 3787 643 3862 vellent
672 3794 876 3886 praecepto
910 3786 1130 3863 satisfacere
1162 3786 1204 3863 in
1238 3787 1321 3865 suis
1354 3789 1433 3890 pri·

199 3902 300 3977 vatis
318 3902 508 3996 oratoriis,
527 3928 651 4001 neque
676 3903 709 3978 si
736 3902 836 3978 alins
860 3904 1037 3978 sacerdos
1054 3904 1189 3980 haberi
1211 3905 1347 4005 possit,
1365 3906 1434 4008 qui

199 4019 335 4119 populi
355 4017 571 4093 necessitati
589 4020 718 4094 ualeat
743 4018 972 4095 satisfacere.
1023 4020 1212 4095 Attamen
1234 4019 1435 4124 hucusque

199 4134 309 4210 nulla
334 4134 509 4233 praecisa
532 4135 669 4232 regula
684 4134 810 4210 voluit
827 4134 1001 4211 Ecclesia
1024 4136 1286 4213 determinare
1309 4163 1431 4238 quan·

199 4252 343 4328 donam
369 4250 542 4350 alioquin
573 4250 750 4350 legitima
774 4251 838 4327 vel
867 4251 948 4327 imo
974 4252 1189 4328 necessaria
1213 4252 1266 4330 sit
1290 4254 1434 4333 missae

198 4365 363 4444 iteratio
432 4366 577 4442 Maluit
610 4368 740 4466 potius
779 4393 864 4443 rem
898 4369 1179 4444 decernendam
1212 4369 1434 4470 relinquere

193 4483 341 4584 judicio
368 4483 663 4561 Ordinarierum
689 4490 733 4559 ut
765 4482 807 4559 in
841 4482 1051 4584 prudentia
1083 4491 1123 4560 et
1147 4485 1336 4563 charitate
1361 4511 1433 4565 sua

233 4649 319 4703 ¹Vide
332 4651 361 4703 iu
372 4650 521 4720 Appcudrcc,
534 4667 560 4719 p.
569 4649 626 4702 233.
