3278 5318
431 530 811 607 ns'couurssroun
839 557 1244 608 ruvnsrronrmurs.
1388 547 1450 613 293

215 715 316 781 causis
330 715 371 780 ab
380 715 596 781 ecclesiasticis
610 715 708 781 curiis
721 713 912 781 dioecesium
923 713 1173 780 Foederatorum
1188 715 1450 801 Septentrionalis

215 819 381 884 Amerirae
401 819 550 884 Statuam
572 818 800 909 pertractandis
821 819 1011 886 servandam
1032 842 1098 884 esse
1118 818 1302 904 decreverit,
1324 825 1449 909 experi-

214 922 300 988 entia
322 931 429 987 tamen
451 933 650 1009 compertum
674 930 731 1006 est,
755 932 911 988 statutum
934 922 1045 987 iudicii
1068 923 1214 988 ordinem
1238 924 1327 991 haud
1350 926 1449 992 unde-

214 1048 339 1113 quaque
366 1048 476 1113 parem
501 1048 567 1092 esse
590 1024 632 1092 ad
659 1026 802 1114 querelas
830 1049 941 1092 eorum
971 1022 1213 1113 praecavendas,
1239 1051 1320 1115 quos
1349 1053 1449 1115 poena

212 1128 322 1216 aliqua
343 1129 491 1196 mulctari
512 1131 689 1218 contigerit.
734 1130 834 1216 Saepe
848 1131 935 1195 euim
956 1131 1124 1216 postremis
1144 1131 1231 1196 hisce
1251 1134 1449 1219 temporibus

212 1232 337 1316 accidit,
362 1241 400 1299 ut
427 1234 605 1321 presbyteri
634 1233 761 1300 iudiciis
786 1257 823 1299 ea
850 1234 974 1299 ratione
1002 1233 1092 1299 initis
1120 1233 1256 1322 latisque
1284 1239 1448 1304 sententiis

212 1333 365 1421 damnati,
379 1337 494 1404 remoti
515 1339 700 1425 praesertim
719 1338 763 1403 ab
783 1336 888 1405 officIo
909 1339 1040 1403 rectoris
1061 1338 1263 1422 missionarii,
1285 1340 1349 1405 huc
1369 1341 1448 1408 illuc
1494 1381 1502 1398 ι

211 1438 253 1506 de
272 1442 339 1506 suis
354 1441 511 1508 Praelatis
531 1442 695 1530 conquesti
717 1441 838 1507 fuerint
852 1449 894 1517 et'
911 1441 1092 1529 frequenter
1109 1443 1206 1507 etiam
1226 1443 1268 1508 ad
1282 1443 1447 1531 Apostoli-

212 1567 281 1610 cam
309 1544 423 1611 Sedcm
447 1567 593 1611 recursus
616 1544 800 1612 detulerint.
846 1545 1032 1612 Dolendum
1060 1554 1167 1611 autem
1196 1556 1254 1631 est,
1280 1571 1345 1613 non
1374 1570 1446 1616 raro

210 1649 348 1733 evenIre,
363 1657 401 1715 ut
419 1648 454 1714 in
474 1649 669 1715 transmissis
687 1650 766 1715 actis
785 1650 891 1737 plura,
905 1672 1005 1738 eaque
1023 1651 1197 1716 necessaria
1217 1650 1445 1739 desiderentur,

210 1758 304 1839 atque
328 1754 490 1840 perpensis
515 1753 666 1819 omnibus
693 1754 808 1840 gravia
835 1776 928 1839 saepe
951 1753 1052 1820 dubia
1076 1755 1222 1819 oriantur
1243 1757 1325 1821 circa
1350 1757 1444 1822 fidem

209 1854 407 1922 documentis
421 1856 507 1922 hisce
522 1858 555 1920 in
571 1856 672 1922 causis
685 1856 794 1922 allatis
808 1857 986 1922 habendam
1001 1858 1054 1925 vel
1070 1856 1299 1946 denegandam.

253 1960 348 2040 Quae
371 1961 480 2027 omnia
504 1960 538 2027 S.
566 1960 779 2048 Congregatio
804 1961 880 2025 fidei
908 1962 1131 2047 propagandae
1160 1963 1337 2049 praeposita
1362 1965 1444 2031 serio

208 2064 415 2151 perpendens,
437 2063 569 2151 aliquod
591 2065 767 2129 remedium
792 2064 878 2129 hisce
899 2065 1109 2130 incommodis
1130 2066 1319 2152 parandum,
1341 2091 1378 2133 ac
1399 2071 1445 2135 ita

209 2166 348 2234 iustitiae
374 2168 606 2234 consulendum
634 2190 701 2233 esse
728 2169 861 2252 censuit,
887 2176 926 2233 ut
953 2191 1056 2256 neque
1083 2168 1224 2234 insontes
1252 2169 1358 2236 clerici
1386 2196 1444 2259 per

208 2269 360 2337 iniuriam
388 2294 491 2359 poena
518 2271 708 2355 afficiantur,
733 2295 837 2360 neque
863 2271 999 2338 alicuius
1027 2272 1171 2338 criminis
1196 2272 1243 2338 rei
1268 2274 1311 2339 ob
1335 2276 1444 2342 minus

207 2385 324 2441 rectam
353 2375 546 2442 iudiciorum
574 2376 714 2443 formam
738 2399 759 2441 a
784 2377 957 2463 promerita
981 2400 1085 2463 poena
1112 2377 1269 2443 immunes
1292 2379 1442 2447 evadant.

208 2479 306 2560 Quod
319 2480 450 2567 quidem
469 2479 558 2544 facili
577 2488 670 2566 pacto
683 2479 855 2564 obtineret,
865 2480 893 2545 si
907 2503 1017 2546 omnes
1030 2481 1290 2567 praescriptiones
1308 2506 1329 2548 a
1347 2484 1442 2549 sacris

206 2584 381 2649 canonibus
393 2584 552 2670 sapienter
565 2584 666 2649 editas
679 2606 739 2671 pro
753 2583 968 2649 ecclesiasticis
984 2583 1120 2667 iudiciis,
1136 2585 1320 2671 praesertim
1333 2588 1441 2652 crimi-

206 2687 344 2772 nalibus,
359 2687 507 2752 ineundis
527 2695 560 2752 et
579 2687 784 2754 absolvendis
804 2687 977 2753 servandas
997 2689 1130 2755 omnino
1151 2711 1217 2754 esse
1239 2692 1440 2777 praeciperet.

205 2786 334 2859 Verum
350 2792 459 2856 animo
476 2800 635 2877 reputans,
651 2791 686 2855 in
707 2789 876 2876 pmedictis
896 2790 1146 2858 Foederatorum
1160 2792 1325 2858 Ordinum
1338 2795 1441 2881 regio-

206 2894 300 2960 nibus
314 2892 349 2959 id
363 2894 457 2960 facile
469 2895 591 2960 servari
612 2916 678 2959 non
697 2916 798 2981 posse,
813 2917 849 2960 ea
866 2896 989 2961 ratione
1003 2896 1240 2982 providendum
1255 2919 1321 2963 csse
1334 2897 1440 2984 duxit,

205 3006 242 3062 ut
265 2998 379 3064 saltem
404 2998 479 3064 illae
501 2998 542 3064 de
563 2998 704 3063 admisso
726 2999 859 3063 erimine
882 3010 1027 3064 accurate
1051 3011 1246 3086 peragantur
1268 3001 1440 3088 investiga-

204 3100 316 3185 tiones,
330 3124 412 3189 quae
432 3102 564 3167 omuino
585 3102 775 3167 necessariae
796 3102 1032 3186 existimantur,
1050 3112 1221 3190 antequam
1242 3103 1284 3170 ad
1305 3127 1440 3191 poenam

204 3205 408 3293 irrogandam
421 3205 618 3272 deveniatur.

247 3308 364 3397 Itaque
391 3308 502 3376 SSmc.
529 3308 673 3375 Domino
702 3310 823 3375 Nostro
848 3309 972 3376 DIVina
996 3310 1207 3376 Providentia
1236 3311 1305 3379 ΡΡ.
1332 3313 1439 3379 Leone

204 3411 316 3479 XIII.
330 3412 536 3500 approbante,
552 3413 587 3477 in
608 3414 809 3500 generalibus
828 3414 966 3478 comitiis
987 3412 1106 3479 habitis
1120 3413 1173 3479 dic
1188 3417 1230 3480 25
1245 3415 1336 3481 Iunii
1354 3419 1437 3484 1878

204 3515 238 3585 S.
263 3516 383 3605 Congr.
413 3517 563 3601 docrevit,
593 3540 631 3582 ac
658 3518 801 3582 districte
830 3517 1005 3601 mandavit,
1035 3526 1073 3582 ut
1099 3518 1220 3604 singuli
1248 3530 1439 3587 memoratae

203 3620 341 3709 regionis
369 3643 530 3686 sacrorum
560 3620 741 3704 Antistites,
771 3621 806 3684 in
834 3620 1016 3687 dioecesana
1048 3620 1171 3707 synodo
1198 3625 1438 3710 quamprimum

202 3723 405 3791 convocanda
418 3725 572 3812 quinque,
586 3731 644 3789 aut
657 3724 713 3788 ubi
727 3723 770 3790 ob
783 3723 956 3810 peculiaria
969 3746 1075 3789 rerum
1090 3725 1241 3791 adiuncta
1258 3736 1306 3793 tot
1329 3727 1437 3794 haberi

203 3838 371 3916 nequeumt,
386 3836 449 3894 tres
470 3826 581 3894 saltem
605 3827 804 3914 presbyteros
824 3850 865 3893 ex
887 3828 1117 3914 probatissimis
1138 3838 1171 3894 ct
1191 3839 1346 3917 quantum
1368 3832 1438 3897 fieri

201 3933 319 4020 poterit
338 3933 373 3997 in
396 3932 466 3998 iure
485 3930 636 3998 canonico
656 3931 768 4018 peritis
788 3931 935 4016 seligant,
949 3932 1067 4018 quibus
1087 3932 1256 3998 consilium
1275 3935 1437 4021 quoddam

202 4035 359 4120 iudiciale,
378 4058 444 4120 seu,
463 4043 502 4101 ut
521 4034 695 4122 appellant,
716 4033 908 4100 Commissio
930 4034 1195 4123 Investigationis
1215 4038 1435 4123 constituatur,

201 4140 367 4227 eidemque
381 4162 482 4205 unum
497 4162 539 4205 ex
553 4139 660 4205 electis
673 4138 868 4224 praeficiant.
912 4138 1012 4219 Quod
1031 4139 1060 4204 si
1076 4140 1122 4229 pb
1141 4140 1283 4227 aliquam
1303 4165 1436 4229 gravem

201 4266 327 4310 causam
348 4243 490 4328 synodus
511 4241 694 4308 dioecesana
714 4246 823 4312 statim
845 4243 955 4307 haberi
977 4253 1121 4330 nequeat,
1136 4244 1280 4330 quinque
1298 4245 1351 4310 vel
1373 4254 1436 4311 tres

200 4347 308 4434 prouti
329 4369 427 4433 supra
447 4369 505 4434 per
519 4346 717 4434 Episcopum
739 4347 868 4413 interim
889 4346 1089 4412 ecclesiastici
1110 4347 1174 4412 viri
1195 4345 1237 4411 ad
1258 4370 1375 4412 munus
1396 4349 1436 4415 de

201 4474 266 4538 quo
283 4450 390 4536 agitur
404 4449 607 4537 deputentur.

245 4555 486 4620 Commissionis
501 4554 546 4620 ita
556 4554 744 4620 constitutas
758 4553 905 4641 princeps
919 4554 980 4618 erit
994 4553 1134 4618 officium
1148 4555 1327 4621 criminales
1341 4566 1436 4644 atque

199 4657 418 4745 disciplinatas
431 4657 690 4744 presbyterorum
708 4656 909 4756 aliorumque
922 4656 1109 4722 clericorum
1123 4680 1241 4741 causas,
1256 4658 1347 4725 iuxta
1362 4683 1436 4726 nor-
