3278 5318
200 479 240 542 58
433 493 617 541 arnonus
646 493 827 542 111.-nn
855 491 994 539 cunru
1023 489 1195 540 n1v1n0.

250 649 387 739 Quoad
403 648 554 748 reliqua
567 673 658 724 vero
677 647 743 725 ubi
760 673 863 725 nunc
879 653 972 724 sunt
988 648 1036 723 de
1053 652 1268 746 praecepto,
1284 644 1434 720 oranda

199 770 259 841 est
283 765 424 841 Sancta
448 766 576 860 Sedes,
594 771 639 842 ut
654 766 783 865 quoad
802 770 1052 864 praeceptum
1069 762 1229 838 missam
1247 760 1434 847 audiendi

200 887 240 957 et
268 907 293 957 a
319 881 517 959 laboribus
544 881 750 958 servilibus
776 880 1008 976 abstinendi,
1034 905 1113 956 non
1141 885 1274 956 tamen
1303 879 1435 978 quoad

200 998 445 1073 devotionem
470 1005 511 1073 et
536 997 822 1074 solemnitatem
845 1003 1059 1090 externam,
1080 996 1378 1095 supprimantur
1393 1001 1435 1069 et

200 1113 413 1212 supradicti
438 1140 506 1191 sex
531 1114 614 1191 dies
638 1113 738 1209 festi,
755 1138 889 1189 omnes
917 1118 960 1190 et
986 1111 1071 1207 soli,
1097 1137 1168 1213 per
1196 1135 1332 1187 omues
1361 1109 1435 1186 has

199 1229 420 1329 provincias
437 1232 486 1307 de
502 1237 706 1331 praecepto
723 1229 905 1306 servandi
922 1254 1006 1305 esse
1022 1228 1291 1305 declarentur.¹

251 1348 336 1422 112.
362 1348 476 1438 Quod
488 1373 580 1422 vero
594 1348 645 1422 ad
656 1345 808 1445 jejunia
820 1344 971 1440 attinet,
985 1343 1179 1422 difficilius
1192 1344 1319 1420 adhuc
1331 1348 1436 1421 esset

200 1461 242 1537 in
260 1462 316 1539 eis
334 1463 640 1538 uniformitatem
658 1462 842 1539 obtinere.
889 1462 994 1563 Aliis
1011 1462 1116 1539 enim
1133 1461 1175 1536 in
1192 1460 1287 1538 loeis
1303 1461 1436 1535 obstat

200 1579 369 1655 climatis
395 1578 595 1678 asperitas,
612 1577 654 1654 in
672 1578 760 1654 aliis
777 1604 886 1681 escae
910 1577 1089 1655 esurialis
1105 1577 1257 1672 caritas,
1274 1577 1317 1653 in
1343 1576 1434 1652 aliis

201 1696 359 1771 demum
385 1693 530 1771 diversi
554 1695 771 1771 incolarum
796 1721 924 1771 mores
943 1701 984 1772 et
1004 1695 1312 1771 consuetudines.
1364 1693 1433 1769 Sa-

199 1810 278 1885 tius
312 1808 399 1886 ideo
425 1810 580 1887 videtur
609 1818 654 1888 ut
685 1812 929 1911 relinquatur
956 1810 1115 1911 ju'diciis
1148 1810 1435 1910 Episcoporum

200 1952 246 2002 ea
262 1933 432 2002 statuere
448 1927 490 2002 in
507 1928 665 2028 synodis
683 1927 985 2026 provincialibus
1002 1953 1100 2027 quae
1117 1926 1198 2003 suis
1220 1925 1436 2027 provinciis

200 2041 325 2142 magis
342 2042 384 2118 in
403 2043 571 2119 Domino
592 2044 855 2143 judicaverint
871 2044 1076 2143 expedire²

639 2463 855 2538 CAPUT
890 2463 995 2539 ΙΙΙ.

421 2630 486 2705 Dn
512 2629 803 2705 Onsnavnurm
830 2629 929 2704 Diui
957 2630 1207 2706 Donnuenu.

251 2796 335 2871 113.
373 2795 486 2870 Diem
514 2795 657 2870 Divino
684 2795 805 2870 cultui
832 2803 871 2871 et
894 2794 1093 2894 religionis
1111 2794 1308 2871 communi
1325 2822 1433 2872 exer·

199 2911 290 2986 citio
308 2912 423 2986 modo
441 2910 599 3008 speciali
615 2917 655 2986 et
674 2911 857 3010 legatam
875 2912 1009 2987 stricta
1025 2937 1048 2987 a
1067 2911 1235 2986 Domino
1260 2937 1434 2988 reserva·

199 3035 293 3121 tam,
311 3027 457 3103 sincere
473 3027 651 3102 fidelibus
676 3028 958 3103 observandam
975 3028 1087 3103 enixe
1102 3030 1434 3105 commendamus

201 3144 250 3219 In
263 3170 310 3220 ea
322 3144 372 3218 ab
385 3143 567 3242 operibus
584 3143 790 3218 servilibus
808 3168 885 3218 non
900 3142 1124 3219 necessariis
1137 3145 1296 3219 omnino
1314 3144 1434 3220 obsti·

201 3269 329 3355 neant,
345 3261 504 3336 missam
522 3268 768 3359 praeceptam
785 3260 922 3336 audire
938 3259 1015 3336 nisi
1030 3261 1142 3360 gravi
1156 3262 1205 3336 de
1221 3286 1338 3335 causa
1355 3286 1435 3336 non

200 3377 393 3470 omittant,
408 3377 570 3476 aliisque
583 3385 783 3475 praeterea
795 3376 1011 3452 devotionis
1025 3383 1064 3452 et
1076 3375 1234 3477 pietatis
1250 3377 1435 3476 operibus

200 3493 304 3569 diem
330 3493 564 3569 dominicam
582 3518 673 3568 vere
698 3493 945 3587 sanctificent,
962 3492 1115 3591 corpori
1139 3492 1435 3595 convenientem

200 3610 427 3710 praebentes
440 3610 620 3709 quietem,
635 3609 808 3684 animam
821 3610 963 3708 pabulo
976 3609 1163 3684 orationis
1180 3616 1218 3685 et
1235 3608 1436 3685 doctrinae

200 3725 426 3817 nutrientes,
452 3749 541 3800 cum
567 3725 705 3800 vicinis
740 3734 780 3800 et
812 3724 947 3801 amicis
980 3724 1200 3802 libertatem
1230 3734 1462 3825 carpentes

200 3841 369 3917 filiorum
396 3840 479 3918 Dei.
531 3842 608 3916 Ast
632 3868 754 3941 quum
779 3841 866 3940 ipsa
883 3841 961 3917 diei
977 3842 1129 3942 requies
1146 3843 1279 3942 plures
1301 3868 1433 3942 pecca·

199 3967 330 4034 torum
348 3957 562 4033 occasiones
588 3958 693 4034 haud
709 3983 798 4034 raro
815 3959 962 4052 offerat,
980 3958 1188 4059 diligenter
1203 3965 1368 4035 caveant
1383 3985 1434 4036 ne

200 4074 326 4150 Deum
342 4075 570 4149 offendendo
587 4076 797 4150 abutantur
813 4078 914 4151 dono
931 4076 1097 4166 coelesti,
1111 4102 1155 4152 ac
1170 4075 1227 4152 ita
1245 4075 1433 4153 Divinam

200 4197 411 4290 provocent
423 4190 744 4286 maledictionem,
758 4218 803 4268 ac
815 4192 985 4267 maxima
1001 4192 1042 4267 in
1060 4218 1102 4268 se
1118 4192 1299 4292 ingerant
1314 4195 1431 4270 mala.

202 4308 307 4383 Dum
333 4306 450 4399 enim,
468 4315 513 4382 ut
529 4307 658 4382 verbis
684 4316 841 4384 utamur
862 4308 1026 4384 Patrum
1044 4309 1205 4384 Concilii
1224 4310 1431 4409 Burdigal-

200 4423 303 4499 ensis
331 4424 351 4497 I
394 4423 483 4522 (Tit.
511 4444 569 4515 11,
595 4448 624 4498 c.
653 4446 711 4515 11,
738 4449 774 4498 n.
804 4428 865 4522 ll:
903 4425 1010 4500 “sibi
1037 4425 1166 4500 debito
1194 4425 1300 4501 Deus
1324 4426 1434 4502 cultu

236 4573 322 4624 'Vide
335 4575 496 4640 Responsum
508 4572 541 4624 de
554 4573 645 4638 Fatis,
657 4592 739 4641 supra,
751 4591 776 4640 p.
788 4592 827 4627 cv.

233 4655 244 4686 ²
251 4656 311 4707 Hac
322 4674 400 4724 super
411 4674 439 4709 re
451 4657 666 4723 (bagregatiouis
678 4674 828 4724 respmsum
840 4665 1003 4726 expectatur.
