3278 5318
406 792 668 969 nenn
741 792 1234 972 eoncnnn.

463 1351 720 1447 LITERAE
747 1352 1169 1449 APOSTOLICAE.

201 1643 405 1737 Venerabili
423 1645 540 1739 Fratri
557 1645 686 1778 lacebe
708 1646 874 1755 (libbeus,
895 1647 1171 1761 archiepiscope
1189 1646 1435 1738 Baltimerensi

568 1957 726 2076 LEO
765 1957 878 2076 ΡΡ.
915 1957 1099 2081 ΧΠΙ.

202 2222 457 2289 Vannsrrnuuas
480 2224 641 2307 Fnanan,

332 2360 503 2426 SALUTEM
527 2380 572 2425 ET
595 2362 846 2426 APOSTOLICAM
868 2361 1179 2427 BENEDICI'IONEM.

244 2546 306 2613 Rei
332 2547 515 2614 Catholicae
535 2548 776 2632 incrementum,
799 2547 1015 2613 Ecclesiarum
1044 2547 1215 2612 utilitatem
1237 2556 1270 2613 et
1290 2549 1434 2615 fidelium

200 2650 367 2717 commoda
386 2673 428 2716 ex
448 2650 557 2717 debito
578 2651 783 2739 Apostolicae
803 2651 968 2718 servitutis
996 2650 1134 2716 Nostrae
1154 2673 1219 2738 qua
1240 2660 1329 2738 patet
1348 2653 1435 2718 orbis

202 2753 408 2839 intendentes,
429 2755 469 2821 de
490 2755 738 2823 Venerabilinm
768 2754 922 2820 Fratrum
951 2754 1145 2820 Nostrorum
1170 2754 1204 2820 S.
1227 2754 1269 2821 R.
1293 2754 1334 2822 Ε.
1357 2755 1436 2823 Car-

200 2856 358 2923 dinalium
386 2860 523 2945 negotiis
550 2859 775 2947 propagandae
803 2858 878 2923 fidei
903 2859 1157 2946 praepositorum
1179 2858 1323 2943 consilio,
1343 2858 1435 2926 audi-

200 2962 305 3049 tisque
318 2961 571 3029 Venerabilibus
584 2963 755 3029 Fratribus
769 2962 1019 3027 Foederatarum
1040 2961 1306 3049 septenarionalis
1318 2963 1435 3027 Amer-

202 3066 266 3131 icae
286 3064 459 3132 Ditionum
480 3065 660 3153 Episcopis,
682 3066 870 3133 Plenarium
892 3065 1086 3149 Concilium,
1108 3088 1217 3132 mense
1245 3066 1435 3151 Novembri,

200 3169 263 3236 hoc
288 3178 434 3237 vertente
460 3193 557 3255 anne,
585 3170 782 3236 Baltimorae
811 3193 870 3257 per
903 3168 1029 3236 eosdem
1061 3170 1232 3235 Sacrorum
1265 3169 1436 3235 Antistites

200 3272 383 3339 habendum
396 3273 607 3359 decrevimus,
628 3283 667 3340 ut
680 3274 779 3339 iidem
800 3273 964 3361 Episcopi,
979 3273 1105 3339 collatis
1125 3274 1277 3356 consiliis,
1292 3295 1375 3360 quae
1393 3273 1436 3339 ad

200 3377 394 3463 evellendos,
422 3377 633 3466 funditusque
661 3377 832 3462 tollendos,
860 3377 889 3443 si
922 3377 981 3464 qui
1015 3377 1209 3463 irrepserint,
1237 3377 1366 3461 abusae,
1394 3376 1435 3442 ad

200 3481 441 3548 ecclesiasticam
462 3482 666 3567 disciplinam
686 3481 948 3565 confirmandam,
962 3479 1004 3546 ad
1026 3481 1228 3546 Dioecesium
1249 3489 1369 3547 statum
1390 3479 1436 3546 ita

200 3586 426 3669 ordinandum,
446 3594 486 3651 ut
509 3586 643 3673 propius
664 3585 706 3651 ad
727 3608 896 3651 commune
916 3584 1078 3650 Ecclesiae
1095 3586 1162 3671 jus,
1184 3597 1342 3673 quantum
1367 3586 1435 3651 fieri

200 3690 311 3778 possit,
332 3689 467 3774 accedat,
492 3699 525 3755 et
552 3689 593 3756 ad
622 3690 824 3756 Catholicam
851 3689 1041 3776 religionem
1070 3688 1168 3754 latius
1196 3689 1435 3778 propagandam

200 3794 503 3882 provehendamqne
538 3805 719 3880 opportuna
747 3793 782 3859 in
811 3792 955 3858 Domino
985 3792 1214 3879 judicaverint,
1244 3802 1433 3881 proponant.

200 3897 278 3964 Jam
291 3920 379 3984 vero,
394 3920 494 3985 quum
509 3896 715 3964 Venerabilis
737 3897 852 3963 Frater
873 3897 993 3963 Noster
1012 3897 1155 3964 loannes
1175 3898 1209 3964 S.
1225 3897 1267 3964 R.
1284 3897 1325 3964 Ε.
1342 3898 1435 3962 Pres-

201 4000 293 4088 byter
312 4001 497 4068 Cardinalis
522 4000 733 4087 McCloslrey,
753 4024 795 4065 ex
818 3999 1054 4087 dispensatione
1078 4002 1276 4088 Apostolica,
1299 4000 1436 4066 Anchie-

200 4096 349 4193 piscopns
370 4105 676 4190 Neo-Eboracensis,
689 4104 824 4171 adversa
837 4105 1016 4171 detineatur
1032 4105 1226 4188 valetudine,
1241 4104 1327 4189 Tibi,
1344 4104 1436 4174 Ven-

202 4209 330 4275 erabilis
355 4208 480 4295 Frater,
501 4212 592 4296 cujus
616 4211 736 4276 eximia
759 4208 871 4297 pietas,
892 4209 1056 4275 doctrinae
1079 4233 1117 4275 ac
1141 4209 1330 4296 prudentiae
1353 4207 1433 4290 laus,

201 4313 436 4401 singularisque
448 4337 524 4402 erga
542 4314 691 4379 Sanctam
712 4314 828 4379 Sedem
846 4315 1067 4400 Apostolioam
1087 4314 1165 4379 fides
1183 4322 1216 4378 et
1233 4312 1435 4378 observantia

203 4430 365 4506 perspecta
381 4418 486 4484 Nobis
502 4427 551 4483 est
566 4427 598 4484 et
615 4417 791 4504 explorata,
806 4418 987 4504 praefatum
1001 4417 1162 4482 indicendi
1176 4415 1436 4503 convocandique

202 4522 395 4607 Concilium,
409 4524 501 4611 eique
521 4520 722 4609 praesidendi
737 4544 864 4606 munus,
879 4520 1066 4608 Apostoliua
1087 4521 1286 4586 Auctoritate
1307 4520 1436 4603 Nostra,

1256 4659 1306 4695 nx
