3278 5318
442 516 673 563 susrnxs10
702 516 759 562 nx
789 517 879 564 iss.
906 516 1210 565 coneursum.
1376 501 1439 564 299

253 676 285 740 3.
314 672 511 739 Huiusmodi
527 666 729 760 praeceptum
744 696 867 760 semper
889 673 924 738 in
946 673 1071 760 seriptis
1086 672 1302 737 intimandum
1315 680 1372 757 est,
1387 673 1440 739 die

208 785 241 842 et
255 800 360 843 mense
373 777 555 864 designat03
578 777 713 864 ideoque
729 787 836 843 autem
853 778 923 842 fieri
937 775 1031 842 debet
1044 776 1097 844 vel
1112 777 1153 842 ab
1168 778 1238 863 ipso
1253 776 1439 860 Ordinatio,

208 880 262 947 vel
282 880 324 945 ab
345 880 409 945 alia
429 903 564 967 persona
584 878 625 956 dc
645 902 794 967 expresso
812 881 912 966 ipsius
930 880 1090 946 mandato.
1136 880 1180 944 In
1201 880 1311 945 eadem
1332 888 1439 945 tamen

209 984 409 1049 intimatione
430 982 675 1071 exprimendum
698 994 756 1068 est,
777 983 865 1072 quod
888 984 1046 1050 eiusmodi
1068 985 1196 1071 punitio
1222 984 1383 1069 irrogatur
1403 983 1440 1048 in

207 1086 277 1154 vim
301 1087 485 1153 Tridentini
508 1087 637 1170 decreti,
659 1088 740 1154 Sese.
763 1106 841 1154 XIV.
864 1111 892 1154 c.
916 1090 947 1154 1.
970 1087 1010 1153 de
1034 1088 1176 1171 reform,
1199 1110 1240 1152 ex
1267 1086 1440 1152 infomrata

207 1191 406 1275 conscientia,
422 1191 475 1259 vel
496 1214 538 1257 ex
558 1192 661 1257 <ausis
682 1191 745 1279 ipsi
767 1191 942 1258 Ordinatio
964 1193 1059 1258 notis.

250 1296 283 1361 4.
312 1293 440 1361 Debent
461 1296 592 1381 insuper
611 1296 751 1382 exprimi
771 1304 878 1383 partes
897 1296 1041 1361 exercitii
1062 1295 1185 1362 ordinis
1202 1295 1254 1362 vel
1276 1294 1383 1379 officii,
1396 1294 1439 1361 ad

107 1408 112 1417 '
207 1420 286 1487 quas
296 1399 479 1464 extenditur
489 1400 653 1486 suspensio
664 1425 674 1481 ;
687 1399 775 1486 quod
788 1400 817 1465 si
831 1422 1002 1485 suspensus
1013 1399 1199 1465 interdictus
1213 1400 1257 1464 sit
1269 1399 1310 1464 ab
1324 1398 1438 1482 efficio,

206 1500 258 1568 eui
278 1502 360 1568 alter
381 1502 416 1567 in
438 1502 545 1568 locum
566 1503 668 1589 ipsius
688 1502 929 1568 substituendus
948 1511 1007 1587 est,
1024 1513 1061 1568 ut
1081 1512 1160 1590 puta
1181 1502 1382 1568 Oeconomus
1402 1502 1439 1568 iu

205 1628 282 1673 eura
300 1607 491 1691 animarum,
512 1615 591 1673 tune
617 1607 811 1672 substitutus
835 1605 1011 1673 mercedem
1036 1607 1190 1694 percipiet
1214 1630 1255 1672 ex
1281 1606 1439 1672 fructibus

206 1708 349 1777 beneficii
373 1710 408 1776 in
434 1734 471 1776 ea
495 1711 651 1797 portione,
676 1733 758 1798 quae
787 1710 879 1777 iuxta
906 1710 1047 1797 prudens
1076 1710 1244 1776 Ordinarii
1268 1710 1439 1776 arbitrium

205 1814 379 1881 taxabitur.
419 1815 468 1881 At
489 1814 516 1880 si
537 1836 709 1901 suspensus
730 1815 766 1879 in
786 1814 847 1879 hac
866 1814 1031 1880 taxatione
1051 1836 1086 1879 se
1105 1824 1277 1901 gravatum
1298 1814 1439 1896 senserit,
1520 1850 1525 1857 ·

205 1916 454 1984 moderationem
476 1942 648 2005 provocare
668 1918 787 2005 poterit
799 1917 887 2004 apud
901 1918 1024 1983 curiam
1047 1917 1369 2004 Arclriepiseopalem,
1383 1927 1440 1982 aut

148 2016 151 2021 ’
205 2021 301 2087 etiam
315 2021 402 2109 apud
416 2021 532 2087 Scdem
547 2021 776 2108 Apostolieam.

250 2128 281 2192 5.
311 2125 463 2212 Exprimi
477 2127 554 2191 item
568 2125 664 2191 debet
676 2133 803 2213 tempus
812 2125 992 2192 durationis
1002 2126 1142 2191 eiusdem
1154 2150 1283 2213 poenae.
1327 2125 1441 2191 Absti-

206 2237 303 2294 neant
315 2237 423 2294 tamen
436 2229 604 2295 Ordinarii
617 2229 659 2294 ab
673 2229 744 2316 ipsa
757 2228 932 2316 infligenda
946 2230 981 2293 in
995 2240 1197 2316 perpetuum.
1242 2229 1342 2310 Quod
1356 2229 1384 2294 si
1398 2228 1441 2294 ob

205 2333 368 2420 graviores
388 2356 497 2398 mussas
518 2332 712 2399 Oulinarius
732 2333 890 2398 censuerit
909 2356 980 2398 eam
1002 2334 1165 2418 imponere
1179 2356 1244 2398 non
1259 2333 1301 2398 ad
1315 2343 1441 2419 tempus

205 2435 463 2521 determinatum,
484 2435 539 2502 sed
560 2434 603 2503 ad
623 2459 719 2502 suum
746 2435 993 2522 beneplacitum,
1014 2446 1092 2502 tune
1120 2437 1190 2522 ipsa
1218 2437 1353 2501 habetur
1381 2459 1441 2523 pro

205 2546 416 2626 temporanea,
432 2540 566 2628 ideoque
587 2540 722 2606 cessabit
742 2563 816 2605 cum
837 2539 1057 2605 iurisdictione
1079 2539 1245 2605 Ordinarii
1260 2541 1441 2626 suspensio-

205 2664 280 2708 nem
294 2643 479 2732 infligentis.
1271 2658 1274 2666 '

249 2750 280 2814 6.
304 2745 511 2834 Suspensioni
522 2772 562 2814 cx
575 2748 746 2814 informata
756 2749 945 2815 conscientia
955 2750 1071 2815 iustam
1082 2772 1119 2815 ac
1129 2749 1306 2837 legitimam
1315 2772 1441 2813 eausam

205 2851 334 2938 praebet
349 2851 479 2935 crimen,
495 2874 551 2917 seu
570 2852 667 2940 culpa
685 2876 705 2919 a
723 2876 876 2938 suspenso
894 2853 1072 2919 commissu.
1117 2852 1209 2917 Hace
1224 2862 1331 2917 autem
1349 2852 1443 2917 debet

205 2976 271 3021 oese
284 2955 417 3039 occulta,
431 2964 464 3021 et
478 2955 524 3020 ita
536 2957 657 3043 gravis,
672 2963 711 3020 ut
724 2956 822 3021 talem
835 2966 1054 3042 promereatur
1067 2956 1278 3042 punitionem.

249 3059 280 3125 7.
311 3058 367 3124 Ad
386 3057 446 3124 hoe
459 3071 566 3124 autem
585 3068 624 3124 nt
642 3060 686 3124 sit
704 3059 827 3125 occulta
846 3059 1029 3146 requiritur,
1045 3069 1083 3123 ut
1096 3082 1199 3146 neque
1219 3059 1254 3123 in
1275 3058 1440 3143 iudicium,

205 3183 307 3249 neque
325 3160 361 3226 in
380 3184 524 3227 rumores
538 3162 631 3249 vulgi
649 3161 786 3228 dcelucta
803 3163 856 3245 sit,
871 3185 974 3249 neque
988 3163 1118 3247 iusuper
1136 3162 1292 3226 eiusmodi
1308 3185 1440 3228 numero

205 3273 238 3332 et
260 3265 408 3352 qualitati
433 3288 641 3353 personarum
665 3266 793 3354 cognita
817 3267 869 3351 sit,
895 3266 981 3331 uude
1005 3265 1158 3332 delictum
1183 3264 1303 3331 censeri
1330 3264 1442 3330 debeat

206 3369 377 3436 notorium.
1108 3410 1119 3437 ι

249 3476 280 3541 8.
310 3473 439 3543 Verum
459 3482 547 3541 tenet
567 3474 663 3541 etiam
685 3475 848 3562 suspensio
873 3475 901 3541 si
926 3498 967 3540 ex
992 3474 1141 3562 pluribus
1162 3474 1287 3539 delictis
1308 3473 1440 3560 aliquod

206 3574 303 3642 fuerit
316 3585 429 3642 notum
444 3578 479 3643 in
491 3579 610 3665 vulgus
617 3603 627 3661 ;
645 3587 703 3644 aut
716 3579 744 3643 si
758 3579 888 3662 crimen,
899 3577 986 3666 quod
1000 3587 1074 3643 autc
1088 3578 1325 3664 suspensionem
1337 3576 1442 3642 fuerat

204 3680 375 3764 oecultum,
389 3681 536 3768 deinceps
549 3691 623 3769 post
636 3681 739 3769 ipsam
752 3681 852 3747 fuerit
865 3682 906 3747 ab
919 3682 994 3747 aliis
1007 3680 1207 3769 evulgatum.

249 3786 281 3851 9.
311 3783 468 3850 Prudenti
481 3785 615 3851 arbitrio
629 3785 851 3851 Praelatorum
864 3785 1058 3873 relinquitur
1071 3785 1288 3873 suspensionis
1302 3808 1440 3870 causam,

204 3910 259 3954 seu
281 3887 384 3976 ipsam
404 3888 534 3975 eulpam
554 3889 755 3977 delinquenti
779 3898 837 3955 aut
861 3888 1045 3976 patefacere,
1066 3899 1124 3956 aut
1145 3891 1283 3955 reticere.
1329 3889 1441 3955 Partes

204 3992 348 4079 alioquin
364 3992 533 4079 pastoralis
551 3992 778 4058 sollicitudinis
798 4001 832 4058 et
851 3992 1013 4058 charititis
1032 3994 1216 4058 eorumdem
1236 4001 1341 4076 erunt,
1356 4001 1395 4058 ut
1412 3992 1440 4058 si

204 4094 386 4161 istiusmodi
404 4119 539 4183 poenam
552 4119 704 4183 suspenso
723 4096 925 4162 manifestare
937 4097 1126 4181 censuerint,
1141 4096 1211 4183 ipsa
1220 4094 1271 4161 'ex
1289 4096 1440 4183 paternis,

204 4221 285 4288 quas
297 4198 510 4286 interponent,
524 4199 764 4283 monitionibus,
776 4199 893 4265 nedum
909 4200 950 4266 ad
965 4199 1179 4286 expiationem
1194 4200 1315 4285 eulpae,
1326 4222 1440 4264 verum

204 4302 301 4368 etiam
310 4302 353 4368 ad
366 4303 619 4370 emendationem
629 4302 854 4391 delinquentis,
865 4312 898 4368 et
911 4302 953 4368 ad
967 4302 1161 4369 occasionem
1176 4301 1325 4389 peccandi
1337 4301 1441 4367 elimi-

204 4405 344 4471 nandam
358 4406 522 4474 inserviat

250 4512 302 4575 10.
336 4508 545 4575 Meminerint
568 4533 646 4577 vero
671 4509 848 4595 Praesules,
873 4510 961 4598 quod
989 4511 1018 4575 si
1044 4518 1154 4575 contra
1179 4509 1351 4592 decretum,
1377 4531 1442 4597 que

205 4610 345 4702 irrogata
357 4612 423 4679 fuit
434 4613 608 4702 suspensio,
622 4624 849 4702 promoveatur
863 4637 1008 4680 recursus
1023 4614 1065 4680 ad
1080 4613 1301 4700 Apostolieam
1316 4612 1441 4696 Salem,
