3278 5318
566 994 903 1103 TITULUS
948 995 1067 1102 ΙΙΙ.

597 1235 660 1339 Dc
697 1235 828 1340 Cultu
863 1234 1040 1340 Divino.

671 1629 888 1704 CAPUT
911 1629 967 1706 ·1.

206 1780 268 1877 Dn
295 1797 536 1873 Faennrnnn
561 1795 635 1870 B1s
665 1794 813 1869 Eonnu
845 1794 928 1870 Dm
958 1796 1122 1873 Mrssnn
1149 1797 1430 1878 Cnnnnannm.

253 1963 338 2038 100.
381 1962 494 2052 Quod
519 1960 656 2061 priscis
680 1960 921 2058 temporibus
952 1962 1100 2038 licitum
1126 1965 1263 2058 fuerat,
1292 1965 1377 2063 jam
1408 1990 1432 2041 a

202 2079 338 2155 multis
361 2077 523 2154 saeculis
539 2076 664 2152 vetnit
686 2075 858 2151 Ecclesia
880 2079 1098 2177 quominus,
1112 2080 1255 2179 ‘paucis
1279 2080 1431 2156 casibus

201 2193 381 2294 exceptis,
415 2199 700 2269 sacrosanctum
739 2192 880 2268 missae
918 2194 1146 2270 sacrificium
1185 2195 1275 2293 plus
1313 2221 1431 2295 quam

202 2309 322 2386 semel
339 2312 474 2386 eodem
491 2309 555 2385 die
571 2309 621 2384 ab
638 2310 773 2384 eodem
791 2310 987 2385 sacerdote
1003 2311 1225 2385 celebretur.
1278 2311 1366 2387 Hac
1382 2313 1431 2389 (16

201 2450 246 2502 re
262 2425 324 2502 lex
346 2426 519 2527 primum
543 2425 592 2500 ab
609 2424 834 2499 Alexandro
859 2424 915 2500 Π.
934 2425 1014 2500 lata
1035 2424 1143 2524 (Gan.
1160 2429 1211 2502 53
1236 2429 1285 2503 (16
1305 2425 1430 2522 Cous,

201 2541 292 2620 dist.
310 2544 364 2642 1),
379 2543 428 2618 ab
444 2538 670 2617 Innocentio
688 2540 767 2615 III.
786 2539 893 2640 (Gap.
911 2542 1149 2641 6066616011.)
1169 2549 1358 2619 renovata
1373 2552 1431 2620 est

201 2658 306 2735 hisce
319 2657 463 2734 verbis:
490 2657 815 2755 “Respondemus
832 2659 946 2756 quod,
960 2664 1117 2757 excepto
1134 2659 1198 2735 die
1215 2659 1431 2736 nativitatis

169 2762 440 2868 nominans,
459 2771 534 2848 nisi
557 2797 673 2848 causa
696 2773 934 2848 necessitatis
957 2775 1128 2868 suadeat,
1147 2775 1287 2851 sufficit
1308 2800 1430 2852 sacer·

201 2889 283 2967 doti
300 2891 419 2966 semel
437 2889 480 2964 in
497 2888 561 2965 die
577 2909 696 2964 unam
713 2886 873 2964 missam
891 2889 1134 2966 solummodo
1150 2892 1380 2968 celebrare.”

252 3007 336 3083 101.
363 3007 455 3105 Ipso
467 3005 558 3105 jure
573 3004 770 3080 communi
788 3006 885 3088 duas
903 3005 988 3083 dari
1004 3006 1248 3104 exceptiones
1264 3032 1287 3084 6
1303 3007 1430 3084 citatis

200 3122 330 3199 verbis
351 3123 455 3197 clare
476 3127 636 3197 constat.
689 3119 825 3196 Prima
847 3127 916 3215 est,
934 3146 1012 3220 qua
1028 3123 1290 3199 sacerdotibus
1307 3124 1430 3199 omni·

200 3239 274 3316 bus
289 3263 411 3338 usque
424 3245 484 3314 ter
500 3236 613 3313 litare
630 3236 720 3312 licet
732 3235 775 3311 in
787 3237 851 3313 dio
865 3236 1081 3313 nativitatis
1096 3237 1271 3332 Domini;
1295 3241 1428 3335 altera,

200 3379 274 3455 pro
297 3354 448 3431 duabus
471 3359 637 3446 tantum,
661 3340 875 3451 numquam
900 3377 972 3453 pro
997 3353 1176 3453 pluribus
1201 3354 1343 3449 missis,
1367 3363 1429 3432 est

200 3495 312 3547 casus
334 3468 582 3560 necessitatis,
600 3493 710 3568 quae,
728 3468 787 3544 uti
808 3493 895 3545 cam
913 3469 1080 3567 explicat
1100 3471 1307 3547 canonicus
1325 3497 1430 3566 usus,

199 3592 378 3663 censetur
394 3587 528 3662 adesse
544 3609 615 3685 pro
628 3586 825 3660 sacerdote
838 3585 933 3685 “qui
951 3587 1048 3662 duas
1064 3587 1268 3685 parochias
1280 3588 1430 3664 obtinet

200 3701 265 3779 vel
281 3703 379 3779 duos
396 3701 561 3802 populos
578 3702 674 3776 adeo
691 3701 883 3799 sejunctos
900 3708 945 3777 ut
961 3703 1059 3778 alter
1071 3702 1246 3802 ipsorum
1262 3703 1431 3802 parocho

199 3816 411 3896 celebranti
440 3840 512 3918 per
540 3816 623 3893 dies
652 3817 769 3892 festos
794 3819 929 3897 adesse
959 3818 1068 3894 nullo
1092 3820 1209 3894 modo
1234 3819 1358 3918 possit
1381 3820 1431 3895 ob
1541 3867 1545 3874 -

200 3934 373 4012 locorum
390 3933 602 4010 maximam
619 3931 882 4027 distantiam‚’'
900 3932 963 4009 vel
982 3935 1164 4034 “quando
1182 3959 1261 4010 una
1277 3941 1430 4011 tantum

201 4050 255 4128 sit
280 4050 440 4128 ecclesia
467 4049 510 4126 in
538 4074 617 4149 qua
644 4047 765 4124 missa
792 4049 1019 4141 celebratur,
1047 4050 1098 4125 ad
1126 4075 1245 4149 quam
1269 4050 1430 4127 insimul

202 4165 406 4242 universus
422 4165 591 4265 populus
607 4163 814 4240 convenire
827 4189 905 4240 non
921 4164 1083 4266 potest.”
1139 4166 1301 4265 (Bened.
1315 4165 1430 4243 XIV.

202 4281 332 4358 Const.
362 4283 567 4358 Declarasti
597 4282 738 4381 cohor)
805 4279 979 4381 Cumque
1012 4281 1160 4357 similes
1193 4280 1431 4358 necessitatis

202 4422 339 4474 causae
371 4404 531 4497 propter
563 4398 807 4473 sacerdotum
841 4397 1041 4474 raritatem
1075 4405 1115 4474 et
1147 4397 1318 4473 locorum
1353 4396 1429 4471 dis·

209 4614 213 4619 .
236 4562 300 4634 Ἄρ.
311 4563 410 4631 166111
423 4563 442 4616 1.
452 4579 484 4630 c,
496 4580 523 4631 p.
533 4563 591 4617 359.
1259 4632 1300 4695 53
