3278 5318
547 539 601 586 nn
630 539 780 587 causrs
809 540 1103 588 onnarconnu.
1375 523 1437 587 291

205 692 353 773 Quodsi
375 694 526 760 idoneum
548 719 612 761 non
634 696 780 783 reperiat,
803 695 920 761 laicum
941 695 1131 762 catholicum
1153 695 1304 761 adhibere
1325 705 1438 783 potest.

205 797 351 884 Quisque
364 807 471 864 autem
485 822 526 863 ex
541 799 580 864 iis
594 799 635 865 ab
649 800 824 865 Ordinatio
837 800 1062 886 approbandus
1076 810 1132 866 est.

247 918 355 967 1111111.
385 900 422 967 Si
436 925 512 967 vcro
527 925 598 968 reus
612 902 809 968 defensorem
823 902 975 989 deputare
989 913 1119 987 recuset,
1135 903 1330 969 Ordiuarius
1345 903 1438 968 illum

202 1024 246 1070 ex
259 1002 363 1070 officio
377 1005 566 1093 designabit.

245 1125 369 1175 xxxrr.
399 1108 557 1175 Defensor
570 1110 686 1177 debitis
700 1111 760 1176 sub
774 1111 905 1177 cautelis
925 1112 960 1177 in
979 1110 1166 1177 cancellaria
1181 1112 1298 1177 Curiae
1314 1134 1439 1199 proees-

202 1232 275 1277 sum
288 1212 419 1299 eiusque
432 1215 642 1279 summarium
657 1215 813 1301 inspiciet,
829 1223 867 1279 ut
883 1236 975 1279 reum
989 1223 1137 1297 tueatur3
1167 1237 1204 1279 ac
1222 1214 1439 1280 defensionem

203 1323 277 1381 ante
294 1338 405 1382 1111111
424 1316 526 1403 ipsius
544 1318 793 1404 propositionem
807 1319 926 1404 scripto
945 1318 1119 1384 exhibebit.
1165 1318 1241 1405 Ipse
1255 1341 1383 1404 quoque
1396 1317 1438 1384 ad

203 1417 417 1485 iuramentum
428 1420 468 1485 de
478 1431 594 1487 secreto
608 1420 764 1486 servando
778 1428 912 1505 tenetur,
924 1421 1052 1507 quando
1066 1420 1165 1485 iudex
1176 1420 1317 1485 indolem
1328 1443 1439 1486 carneae

203 1520 238 1588 id
250 1524 413 1609 postulare
426 1526 593 1592 censuerit.

246 1644 383 1694 xxx111.
414 1628 584 1694 Proeessus
603 1630 733 1718 eiusque
751 1629 963 1695 summarium
982 1629 1023 1695 ad
1044 1639 1279 1717 procuratorem
1300 1629 1438 1695 fismlem

202 1729 352 1814 mitt-itur,
363 1740 401 1796 ut
416 1730 518 1796 officio
528 1755 587 1798 suo
599 1733 691 1819 fungi
706 1734 815 1820 possit.
853 1733 1029 1820 Postquam
1040 1743 1226 1820 procurator
1237 1733 1351 1797 fiscalis
1365 1755 1439 1799 suas

201 1834 417 1900 conclusiones
431 1835 575 1919 ediderit,
590 1837 716 1902 eaedem
730 1837 888 1901 defensori
904 1836 950 1901 rei
966 1836 1245 1902 communicandae
1259 1847 1336 1902 sunt
1350 1846 1386 1902 ut
1396 1835 1438 1902 ad

202 1938 326 2004 easdem
340 1940 367 2005 si
383 1940 539 2026 placuerit
553 1941 587 2004 in
601 1942 727 2027 seriptis
748 1940 936 2027 respondeat
948 1966 959 2023 3
973 1949 1043 2004 tum
1058 1940 1166 2005 omnia
1178 1939 1219 2005 ad
1239 1940 1438 2006 ordinarium

201 2043 410 2108 remittuntur
430 2044 497 2131 qui,
512 2045 568 2109 ubi
590 2044 625 2109 in
646 2045 775 2132 plenam
796 2067 906 2110 causae
926 2044 1139 2131 coguitionem
1161 2044 1335 2127 devenerit,
1351 2043 1438 2108 diem

201 2147 372 2212 constituet
385 2148 419 2212 in
435 2172 498 2235 qua
511 2149 667 2214 sententia
680 2148 814 2215 dicenda
827 2148 880 2215 sit.

244 2268 379 2317 xxxlv.
404 2252 598 2318 Praestituta
612 2254 673 2336 die,
685 2252 727 2318 ab
741 2252 903 2339 Episcopo
917 2253 971 2319 vel
986 2253 1106 2319 vicario
1120 2251 1261 2340 generali
1275 2261 1438 2339 praesente

201 2364 404 2443 procrnatore
426 2356 524 2421 fiscali
546 2365 578 2421 et
599 2355 765 2422 defensore
785 2357 943 2422 sententia
964 2358 1203 2443 pronunciatur,
1218 2357 1349 2442 eiusque
1363 2377 1437 2441 pars

200 2456 390 2544 dispositiva
406 2459 592 2525 cancellario
613 2458 762 2543 dictatur,
782 2482 931 2546 expressa
952 2461 1114 2525 mentione
1136 2459 1229 2542 faeta,
1252 2459 1281 2523 si
1304 2458 1437 2523 damna-

200 2559 283 2626 tioni
295 2560 338 2626 sit
353 2560 1231 2650 11111,111111111111111111111111111111111111111111
1245 2562 1435 2647 applicatur.

244 2682 365 2731 xxxv.
395 2665 558 2732 Sententia
586 2688 640 2731 reo
668 2666 844 2750 intimetur,
866 2667 925 2754 qui
945 2674 1049 2753 potest
1069 2665 1112 2731 ad
1133 2665 1353 2733 auctoritatem
1382 2687 1436 2731 su-

200 2768 334 2857 perioris
349 2768 517 2835 instantiae
529 2769 780 2856 appellationem
795 2771 1005 2856 interponere.
1311 2836 1313 2841 .

244 2890 381 2938 1111111.
411 2871 454 2937 11
476 2872 690 2959 appellatione
711 2874 920 2939 observentur
937 2895 1068 2939 normae
1081 2897 1245 2960 expressae
1261 2874 1294 2938 in
1309 2872 1435 2939 constit.

201 2996 227 3041 s.
242 2997 285 3042 11.
300 2975 466 3041 Benedicti
481 2976 588 3046 XIV.
604 2978 661 3042 Ad
673 2978 832 3042 militantia
844 2976 908 3041 diei
932 2980 975 3042 30
997 2976 1111 3042 Martii
1132 2978 1226 3059 1742,
1242 3000 1279 3041 ac
1299 2986 1438 3041 caeterae

201 3077 337 3145 indictae
350 3101 371 3145 a
384 3079 417 3145 S.
433 3080 472 3147 C.
488 3080 596 3166 Epise.
612 3091 644 3146 et
659 3080 775 3167 Regul.
790 3079 914 3145 decreto
929 3080 992 3145 diei
1009 3084 1050 3146 18
1066 3079 1252 3144 Decembris
1269 3081 1380 3144 1835*
1404 3088 1436 3144 et

141 3228 144 3235 -
200 3181 334 3270 epistola
347 3183 495 3249 circulari
508 3184 572 3250 diei
589 3188 605 3249 1
623 3185 711 3270 Aug.
729 3187 826 3251 1851.

244 3306 393 3353 xxxvn.
424 3287 518 3355 Intra
538 3288 711 3354 terminum
732 3288 838 3353 decem
855 3287 980 3353 dierum
995 3288 1243 3354 sanctificatione
1264 3287 1437 3353 sententiae

201 3389 401 3477 interpositio
421 3391 645 3478 appellationis
666 3391 735 3456 fieri
757 3390 859 3475 debet,
881 3414 947 3478 quo
968 3391 1075 3477 elapso
1096 3399 1239 3477 tempore
1264 3390 1436 3456 sententiae

201 3494 344 3561 executio
358 3493 465 3560 locum
478 3495 583 3562 habet.

243 3617 409 3666 xxxvnr.
432 3599 659 3686 Appellatione
673 3600 868 3686 interposita,
882 3599 1034 3665 continuo
1049 3598 1147 3665 Curia
1161 3598 1202 3663 ad
1216 3598 1435 3665 auctoritatem

201 3702 438 3769 ecclesiastimm
460 3703 631 3789 superioris
653 3703 822 3768 instantiae
845 3703 954 3768 omnia
978 3711 1178 3768 1111111111
1200 3702 1235 3767 11
1257 3703 1324 3767 suis
1344 3710 1435 3767 auto-

200 3806 341 3894 graphis,
355 3804 438 3871 idest
451 3828 640 3893 processum,
651 3807 720 3871 eius
733 3806 954 3888 summarium,
969 3804 1184 3871 defensionem
1198 3829 1235 3871 ac
1248 3805 1436 3871 seutentiam

201 3909 312 3977 mittit.

243 4033 380 4082 xxxix.
417 4014 509 4081 Haec
533 4038 629 4103 porro
649 4014 822 4101 superioris
843 4014 1012 4079 instantiae
1032 4015 1203 4080 auctoritas
1223 4013 1436 4101 appellatione

200 4120 328 4207 cognita
340 4119 515 4206 appellanti
530 4118 681 4206 iniungit,
697 4126 734 4181 ut
754 4117 840 4182 intra
853 4117 988 4205 triginta
1001 4118 1069 4182 dies
1083 4117 1279 4182 defensorem
1295 4115 1434 4202 deputet,

200 4223 257 4309 qui
271 4221 313 4288 ab
327 4222 396 4309 ipsa
409 4221 633 4309 approbandus
647 4231 704 4287 est.

244 4345 306 4392 111..
333 4326 385 4391 Eo
398 4326 535 4391 termino
548 4326 762 4411 peremptorio
777 4324 898 4391 frustra
910 4324 1028 4411 elapso,
1043 4333 1186 4389 censetur
1199 4346 1270 4388 reus
1284 4323 1435 4387 beneficio
1471 4366 1475 4375 -

200 4429 423 4516 appellationis
450 4429 656 4512 renuntiasse,
681 4450 779 4515 quam
810 4437 975 4515 propterea
1000 4426 1097 4491 iudex
1121 4426 1239 4512 gradus
1263 4425 1435 4510 superioris

200 4543 397 4620 peremptam
411 4532 560 4598 declarat.

232 4668 251 4703 ἕ
258 4668 328 4723 Vide
339 4669 409 4736 apud
421 4668 520 4736 Laeidi,
534 4669 552 4721 l.
563 4686 593 4735 1.,
605 4670 657 4721 vol.
670 4683 689 4720 1.
701 4685 727 4735 p.
737 4668 803 4735 5345
822 4675 849 4719 et
860 4666 889 4719 in
901 4666 973 4724 foliis
983 4665 1049 4717 Acta
1059 4664 1087 4718 S.
1097 4664 1124 4718 S.
1136 4665 1188 4717 vol.
1199 4679 1265 4717 xrrr.
1275 4681 1302 4732 p.
1315 4666 1375 4719 333.

333 4756 375 4820 26
1330 4778 1334 4785 ·
