3278 5318
540 1043 1100 1224 arrarum.
1200 1111 1205 1121 «

288 1633 473 1710 ernnnn
498 1636 777 1715 Arosronroan
803 1635 868 1711 Dn
893 1635 1106 1711 Curemus
1131 1635 1369 1711 Ennorroun
1453 1680 1456 1686 -
1503 1629 1513 1642 ’

493 1750 693 1826 Cononem
718 1752 976 1844 Aunnromn,
1004 1750 1168 1828 Romus.

702 1934 774 2022 [Ad
791 1958 827 2020 n·
849 1933 953 2020 LXV·]

637 2144 731 2211 LEO
755 2144 1011 2212 EPISCOPUS

601 2304 745 2359 suavus
762 2303 969 2356 suavorum
986 2303 1053 2355 nm

542 2456 589 2499 AD
609 2449 811 2499 PERPffl'uAM
833 2456 891 2498 REI
912 2454 1106 2498 MEMORIAM.

253 2589 322 2657 Ubi
343 2591 485 2677 primum
507 2591 678 2656 latissimae
700 2591 865 2656 Amerioae
886 2589 1149 2676 Septentrionalis
1171 2590 1284 2678 plagae
1298 2589 1441 2657 deductis

209 2716 249 2758 ex
272 2694 404 2780 Europa
424 2683 557 2760 coloniis
579 2693 757 2780 frequentia
777 2693 972 2780 populorum
994 2693 1146 2758 oelebrari
1169 2704 1352 2780 cooperunt,
1374 2694 1441 2761 Ro-

210 2798 294 2862 mani
307 2797 478 2862 Pontifioes
488 2798 743 2863 Praedeoossores
757 2797 870 2862 Nost1i
883 2796 925 2862 ad
939 2820 1009 2862 eam
1020 2798 1181 2883 regionem
1192 2797 1300 2862 oeulos
1310 2821 1441 2864 eonver-

208 2910 309 2966 tentes
330 2901 364 2965 in
387 2924 452 2988 qua
472 2901 568 2966 modo
589 2901 812 2966 florentissima
832 2924 874 2966 ex
897 2900 1066 2965 foederatis
1087 2901 1224 2966 statibus
1248 2901 1441 2988 Respublica

207 3005 377 3070 constituta
391 3014 448 3087 est,
464 3028 573 3071 omnes
594 3004 824 3070 sollicitudines
844 3013 878 3070 et
898 3004 1006 3069 studia
1026 3027 1084 3070 sua
1105 3005 1140 3069 in
1163 3004 1198 3070 id
1218 3005 1440 3088 contulerant

207 3108 361 3174 catholiea
382 3107 470 3191 fida,
484 3131 628 3196 quaeque
647 3131 689 3174 ex
709 3130 747 3174 ea
766 3109 934 3174 dimanant
948 3108 983 3172 in
997 3109 1141 3174 civitates
1156 3109 1247 3192 bona,
1264 3132 1329 3174 non
1344 3108 1441 3175 modo

208 3212 289 3277 inter
311 3211 544 3278 christifideles
565 3221 730 3278 manerent
750 3212 943 3298 incorrupta,
957 3211 1013 3277 sed
1034 3212 1130 3278 etiam
1151 3213 1236 3277 inter
1248 3223 1358 3300 gentes
1371 3213 1440 3278 sive

207 3315 356 3382 barbaras
376 3316 446 3382 sive
466 3339 508 3383 ex
527 3315 664 3383 diversis
677 3317 764 3383 orbis
777 3316 921 3402 partibus
935 3315 1014 3380 illue
1035 3316 1264 3403 immigrantes,
1278 3316 1439 3403 quamvis,

207 3419 341 3508 origine,
362 3419 484 3508 lingua,
505 3421 658 3505 moribus,
680 3421 834 3508 religione
857 3420 993 3503 dissitas,
1019 3419 1356 3487 induerentur—Ad
1379 3419 1439 3486 hos

205 3523 359 3590 salutares
380 3524 503 3591 fruetus
523 3525 733 3612 assequendos
747 3524 888 3590 maxime
901 3523 1084 3607 valuerunt,
1099 3532 1170 3589 tum
1184 3524 1330 3590 virorum
1346 3547 1438 3611 apos-

206 3627 375 3693 tolioorum
388 3629 528 3695 delectus
541 3652 623 3717 quos
636 3629 780 3716 undique
792 3628 987 3716 oonquisitos
1002 3628 1036 3692 in
1051 3651 1103 3693 eas
1117 3629 1299 3714 provincias
1313 3627 1439 3694 mittere

206 3754 372 3820 nunquam
393 3734 593 3817 destiterunt,
607 3741 679 3798 tum
692 3733 821 3799 sedulae
840 3731 1047 3819 assiduaeque
1060 3755 1153 3797 curae
1170 3731 1282 3798 Sacrae
1296 3733 1438 3820 Congre-

206 3835 343 3922 gationis
364 3836 547 3903 Christiano
567 3835 693 3902 nomini
713 3835 929 3922 propagando,
942 3837 1035 3901 ouius
1051 3836 1193 3902 oonsiliis
1207 3846 1240 3902 et
1253 3836 1438 3902 ministeriis

207 3938 313 4004 Iidem
334 3949 488 4027 perpetuo
501 3941 552 4006 nsi
568 3950 654 4024 sunt,
668 3948 706 4006 ut
722 3938 979 4026 septentrionalis
991 3940 1160 4006 Amerioae
1170 3939 1333 4027 spirituali
1347 3939 1437 4004 utili·

205 4043 263 4107 tati
272 4043 745 4110 oonsulerent.—P0rroeadem
753 4043 848 4109 sacra
856 4043 1302 4130 CongregatioDeoessoribus
1311 4041 1439 4109 Nostris

206 4169 334 4233 operam
355 4170 488 4232 navans,
502 4147 585 4213 inter
605 4147 670 4214 alia
690 4147 742 4213 sni
762 4146 862 4212 studii
882 4157 1072 4234 argumenta
1092 4171 1168 4235 erga
1181 4170 1251 4213 eam
1266 4147 1438 4234 regionem,

206 4249 266 4315 hoe
286 4252 382 4316 etiam
403 4252 561 4335 exhibuit,
583 4259 622 4317 ut
642 4274 757 4337 nempe
776 4249 925 4316 admissis
945 4250 982 4316 in
1003 4250 1229 4317 Urbanianum
1254 4249 1435 4336 Collegium

205 4354 274 4420 eius
297 4355 437 4442 regionis
458 4355 608 4440 alumnis,
623 4379 665 4421 ex
687 4355 728 4421 iis
749 4377 851 4421 novos
871 4353 908 4419 in
928 4355 998 4421 diss
1019 4354 1192 4441 Evangelii
1213 4374 1381 4442 praeoones
1401 4351 1437 4417 in

205 4457 284 4523 urbe
305 4458 403 4524 totius
423 4459 587 4525 christiani
608 4459 707 4525 Orbis
728 4459 881 4545 principe,
903 4458 939 4523 in
960 4457 1039 4545 ipsis
1060 4458 1254 4523 Pontificum
1275 4455 1377 4523 oculis
1397 4453 1439 4520 ad

205 4560 354 4649 pietatem
383 4571 415 4628 et
443 4563 607 4629 seientiam
636 4585 696 4649 pro
731 4560 899 4628 Amerioae
935 4560 1071 4628 borealis
1106 4560 1256 4649 gentibus
1291 4558 1439 4645 diligenti
