3278 5318
417 452 1215 502 coucnucarronasrnauarurnanas.
1341 462 1434 506 xxxv
1493 428 1495 432 Α

200 630 301 697 usque
315 609 394 673 dum
408 617 537 673 cunctas
552 632 601 674 res
614 608 675 674 sibi
691 610 869 695 propositas
884 609 1157 695 pertractaverint.
1202 610 1434 698 Deputationes

201 731 315 779 11.111.
336 731 454 779 1v.V1.
475 731 512 778 x.
530 721 563 778 ct
584 731 650 779 ΧΗ.
672 714 864 778 convenient
885 714 920 777 in
942 714 1073 778 aedibus
1094 715 1433 802 archiepiscopalibus;

201 815 339 901 reliquae
360 838 436 880 vero
458 814 493 878 in
522 816 726 883 conclavibus
748 816 917 881 Seminarii
939 816 1067 903 majoris
1089 817 1122 882 S.
1144 818 1268 884 Mariae
1289 818 1336 907 (S.
1359 820 1434 886 Sul·

200 919 296 1007 pitii).
489 922 492 929 “

244 1025 275 1089 2.
305 1025 573 1111 Congregationes
592 1025 806 1111 Synodalium
820 1025 966 1111 publicae
980 1025 1030 1090 bis
1045 1025 1079 1090 in
1094 1026 1304 1111 hebdomada,
1320 1051 1435 1116 nempe

201 1127 288 1193 feriis
310 1147 364 1194 111.
386 1137 419 1193 et
439 1147 489 1195 vl.
512 1130 592 1195 hora
612 1139 727 1217 quarta
747 1128 996 1216 postmeridiana
1017 1130 1184 1213 habentur,
1199 1138 1232 1195 et
1252 1132 1384 1218 quidem
1398 1132 1433 1198 in

199 1232 328 1297 eccclesia
359 1232 613 1318 metropolitana.
678 1233 778 1298 Hisce
808 1233 1004 1297 consessibus
1041 1232 1196 1320 Episcopi
1227 1230 1370 1301 rochetto
1401 1244 1434 1303 et

200 1344 345 1418 moaetta,
359 1336 501 1423 theologi
515 1360 592 1403 vero
613 1337 786 1402 saeculares
804 1347 893 1403 veste
913 1335 1008 1401 talari
1030 1344 1062 1401 et
1084 1337 1322 1424 superpelliceo,
1339 1360 1435 1426 regu-

199 1437 280 1504 lares
295 1439 409 1504 habitu
422 1440 474 1505 sui
488 1439 612 1506 ordinis
625 1440 735 1511 vestiti
748 1439 917 1507 intersunt.

244 1545 274 1609 3.
305 1543 576 1630 Congrcgationes
595 1544 831 1631 Episcoporum
849 1546 996 1632 privatae
1009 1544 1147 1632 singulis
1165 1545 1288 1631 diebus,
1303 1557 1435 1635 excepta

199 1645 370 1713 Dominica
388 1656 421 1712 et
441 1647 521 1712 feria
534 1667 571 1715 v.
594 1648 844 1735 uniuscujusque
862 1647 1088 1732 hebdomadae,
1103 1648 1184 1715 hora
1201 1650 1325 1716 decima
1345 1662 1434 1717 aute-

199 1752 386 1834 meridiana,
398 1752 589 1817 convenient
609 1751 645 1817 in
665 1753 741 1818 aula
758 1774 889 1839 precum
910 1751 1082 1818 Seminarii
1097 1753 1226 1840 majoris
1247 1753 1281 1820 S.
1298 1753 1433 1822 Mariae.

200 1854 244 1920 In
257 1855 398 1920 coetibus
412 1855 483 1920 istis
498 1856 651 1942 Episcopi
665 1855 806 1921 rochetto
819 1864 852 1921 et
866 1866 1003 1921 mozetta
1015 1855 1206 1924 induuntur.
1251 1858 1343 1922 Ordo
1356 1881 1434 1925 vero

198 1958 252 2024 hic
265 1968 431 2026 servatur:
451 1982 484 2026 a.
501 1960 709 2046 Congregatis
722 1959 801 2026 hora
815 1960 937 2025 decima
952 1960 997 2047 (et
1015 1958 1095 2025 hora
1107 1971 1231 2048 quarta,
1246 1963 1370 2049 quoties
1384 1962 1434 2028 bis

199 2062 252 2129 die
269 2074 447 2129 conventus
465 2063 587 2152 agitur)
606 2064 759 2129 Patribus
779 2086 854 2129 cum
875 2063 1068 2148 Secretariis,
1087 2063 1224 2131 Notario
1245 2073 1279 2131 et
1300 2065 1432 2131 Cancel-

199 2165 297 2250 lariis,
327 2176 425 2232 statas
453 2188 560 2254 preces
588 2167 763 2254 Delegatus
790 2169 910 2235 recitat.
977 2167 1006 2235 b.
1043 2167 1256 2253 Synodalium
1284 2168 1434 2236 elenchus

199 2270 326 2357 legitur,
348 2279 380 2336 et
401 2280 554 2336 notantur
573 2271 727 2338 absentes.
771 2295 798 2339 c.
821 2271 919 2337 Iacto
933 2271 1057 2339 verbali
1078 2293 1135 2336 seu
1159 2271 1434 2340 actiaconventus

199 2374 349 2458 hesterni,
363 2383 421 2440 aut
439 2374 644 2463 approbatur,
659 2385 717 2441 aut
730 2376 865 2463 jubetur
878 2385 918 2441 ut
934 2398 957 2442 a
973 2375 1148 2441 secretariis
1165 2377 1355 2464 corrigatur.
1399 2377 1433 2445 d.

199 2478 370 2566 Leguntur
383 2478 570 2547 relationes:
594 2482 677 2547 lmo.
693 2480 716 2545 J
719 2479 849 2545 udicum
868 2479 1123 2545 Excusationum
1142 2503 1179 2544 ac
1198 2480 1433 2565 Querelarum3

199 2582 271 2648 ado.
286 2582 442 2669 specialis,
456 2583 564 2671 siqua
577 2592 655 2667 erat,
670 2584 921 2668 commissionis,
943 2583 1021 2650 3tio.
1035 2582 1275 2669 Theologorum
1287 2583 1432 2671 Deputa-

76 2738 81 2763 .
197 2694 304 2752 torum
320 2687 360 2752 de
374 2688 517 2772 materia,
531 2711 629 2775 quam
644 2687 943 2753 moxexaminaturi
957 2695 1034 2752 sunt
1048 2687 1171 2754 Patres.
1215 2710 1240 2754 e.
1256 2686 1308 2752 Dc
1321 2688 1433 2776 singu-

198 2789 240 2856 lis
259 2789 404 2874 decretis,
425 2813 447 2856 a
467 2791 634 2858 secretario
654 2793 746 2879 prius
767 2791 868 2874 lectis,
889 2790 1095 2858 deliberatur.
1141 2790 1174 2876 f.
1205 2792 1297 2856 Latis
1318 2790 1434 2858 deinde

196 2893 356 2980 suffragiis
370 2895 493 2960 decreta
511 2896 741 2982 approbantur,
755 2904 812 2961 aut
824 2896 1023 2982 rejiciuntur,
1036 2902 1095 2959 aut
1107 2894 1317 2960 emendantur
1337 2893 1433 2961 modo

197 2999 255 3085 qui
277 2997 429 3064 Patribus
447 3000 613 3086 placuerit.
654 3023 688 3084 p.
716 2999 813 3064 Fusis
834 2999 952 3064 iterum
973 2997 1014 3064 de
1036 3020 1123 3063 more
1144 2999 1300 3084 precibus,
1320 2998 1433 3064 Patres

197 3101 366 3189 synodales
379 3104 540 3171 recedunt.

240 3208 273 3273 4.
303 3205 461 3271 Sessiones
476 3207 617 3291 demum,
631 3208 744 3272 diebus
765 3207 945 3272 Dominicis
959 3215 991 3272 ct
1006 3205 1085 3271 feria
1098 3224 1135 3274 v.
1147 3204 1432 3289 hebdomadarum,

196 3309 441 3375 celebrabuntur
462 3310 497 3374 in
519 3312 647 3376 ecclesia
666 3311 919 3396 metropolitana,
934 3310 1014 3375 hora
1032 3310 1155 3373 decima
1171 3308 1430 3375 antemeridiana.

198 3411 295 3478 Feria
308 3431 344 3479 V.
358 3436 436 3478 vero
451 3422 594 3500 quaeest
611 3414 679 3479 dies
702 3416 745 3479 13
767 3412 972 3496 Novembris,
988 3413 1023 3476 in
1042 3411 1152 3476 eadem
1166 3411 1293 3476 ecclesia
1307 3410 1432 3475 ecdem-

197 3539 261 3604 que
280 3516 361 3582 hora
378 3516 592 3582 celebrabitur
613 3516 716 3583 Missa
737 3516 888 3583 solemnis
908 3517 949 3580 dc
971 3516 1119 3601 Reperiam
1140 3538 1198 3601 pro
1221 3514 1431 3581 Praesulibus

197 3619 365 3688 defunctis.

242 3726 274 3791 b.
304 3722 347 3788 In
383 3724 489 3811 prima
517 3733 551 3815 et
578 3724 694 3790 ultima
721 3724 857 3791 sessione
886 3725 940 3789 flet
968 3722 1160 3810 supplicatio
1189 3745 1244 3787 scu
1274 3720 1431 3808 processio
1550 3744 1561 3763 ·

197 3826 420 3915 Synodalium.
478 3828 731 3915 Archiepiscopi,
761 3829 925 3915 Episcopi,
955 3827 1108 3910 Abbates,
1138 3827 1364 3892 Procuratores
1399 3832 1432 3890 et

198 3931 493 4016 Administratores,
516 3931 686 4016 Officiales,
702 3955 824 3997 necnon
840 3931 982 3997 Praelati
1003 3929 1179 3995 Domestici
1200 3938 1233 3993 et
1253 3928 1431 3994 Camerarii

197 4035 306 4100 secreti
320 4035 505 4101 sanctitatis
518 4035 602 4101 Suae
621 4036 815 4101 convenient
827 4035 908 4100 hora
921 4057 1007 4099 nona
1017 4057 1091 4098 cum
1101 4032 1237 4097 dimidia
1252 4032 1285 4096 in
1300 4031 1432 4097 aedibus

197 4139 537 4225 archiepiscopalibus3
555 4140 650 4205 ceteri
664 4162 774 4204 omnes
783 4146 850 4204 tam
860 4137 1028 4224 synodales
1038 4160 1135 4224 quam
1146 4133 1430 4222 extra-synodales,

198 4242 255 4328 qui
274 4242 310 4306 in
329 4243 525 4329 processione
539 4242 696 4326 incedent,
709 4243 904 4308 conveniant
921 4241 1001 4307 hora
1014 4263 1100 4306 nona
1112 4262 1185 4303 cum
1205 4239 1380 4326 quadrante
1394 4237 1431 4302 in

197 4345 273 4411 aula
286 4346 319 4411 S.
335 4344 509 4432 Alpbonsi,
523 4347 587 4412 viis
600 4344 695 4411 dictis
709 4345 801 4411 Pcrlr
814 4355 847 4412 et
860 4346 1026 4429 Serctopc.

243 4448 287 4514 In
315 4448 448 4536 reliquis
470 4450 663 4515 sessionibus
687 4451 882 4537 quicumque
909 4448 1048 4535 pluviali
1070 4458 1217 4530 utuntur,
1239 4444 1431 4511 conveniant

198 4551 234 4618 in
255 4552 352 4618 domo
372 4551 642 4641 archiepiscopali,
656 4554 738 4620 hora
756 4576 844 4619 noua
862 4553 906 4620 A.
922 4553 983 4637 M,
999 4552 1093 4617 ceteri
1116 4552 1151 4615 in
1171 4548 1314 4615 saerhtia
1334 4547 1431 4612 eccle-
