3278 5318
592 1040 947 1206 ‘TITULUS
994 1042 1064 1146 X.

503 1279 566 1384 De
595 1279 793 1383 dediciis
824 1280 1165 1388 Ecclesiasticis.

687 1675 903 1750 CAPUT
939 1676 976 1750 Ι.

366 1839 430 1916 Dn
456 1839 599 1916 Currus
625 1840 945 1916 Ee1scoranraus
971 1842 1304 1919 Cousrmununrs,

264 2007 350 2084 297.
377 2006 491 2097 Quod
516 2007 656 2081 Sancta
681 2006 799 2082 Sedes
817 2006 885 2082 diu
910 2006 950 2082 in
975 2008 1077 2083 votis
1102 2008 1249 2102 habuit,
1268 2013 1453 2111 quodque

215 2123 298 2200 Nos
322 2148 475 2223 quoque
498 2129 581 2198 toto
606 2124 720 2198 corde
746 2122 1022 2216 desideramus,
1047 2124 1211 2201 scilicet:
1239 2133 1284 2200 ut
1307 2129 1453 2203 modus

213 2239 416 2339 regiminis
434 2239 629 2316 Ecclesiae
650 2237 723 2314 Dei
750 2237 791 2314 in
816 2238 879 2314 his
903 2239 1127 2339 regionibus
1152 2240 1242 2340 plus
1267 2242 1453 2320 minusve

214 2356 455 2457 provisorius
488 2381 532 2432 ac
574 2355 725 2455 legibus
766 2355 999 2454 specialibus
1041 2381 1112 2456 pro
1147 2358 1452 2456 particularibus

213 2498 345 2549 rerum
370 2480 411 2549 et
434 2471 607 2548 locorum
633 2471 825 2571 adjunctis
852 2472 1086 2566 efformatus,
1104 2472 1146 2548 in
1164 2481 1309 2549 statum
1327 2476 1450 2551 firmi·

214 2614 322 2664 orem
349 2614 394 2665 ao
420 2588 497 2688 legi
525 2587 722 2663 communi
749 2589 874 2687 magis
901 2590 1138 2664 conformem
1165 2596 1350 2684 transeat,
1376 2591 1452 2668 hoc

214 2712 486 2805 praeterquam
528 2705 569 2779 in
613 2704 701 2780 aliis
734 2703 963 2802 disciplinae
1005 2705 1208 2804 capitibus,
1242 2708 1364 2782 etiam
1407 2708 1451 2785 in

214 2821 240 2897 J
243 2820 380 2897 udioiis
413 2819 693 2896 Ecclesiastiois
734 2819 985 2896 instituendis
1028 2822 1183 2921 assequi
1216 2822 1300 2898 Nos
1334 2848 1452 2924 posse

213 2962 424 3015 censemus.
489 2937 627 3036 Itaque
657 2943 736 3012 “ut
765 2935 970 3036 unicuique
992 2937 1060 3037 jus
1090 2963 1204 3014 suum
1235 2941 1452 3038 aequaliter

212 3056 423 3149 reddatur3
459 3060 505 3130 ut
530 3053 774 3152 negotiorum
804 3060 844 3129 et
873 3078 1089 3149 causarum,
1116 3081 1216 3155 quae
1243 3055 1284 3131 in
1318 3058 1341 3104 *
1373 3059 1397 3104 *
1429 3060 1451 3104 *

213 3171 320 3247 ouria
340 3177 569 3263 tractantur,
588 3169 879 3244 ordinatissima
900 3170 1001 3244 ratio
1017 3179 1182 3266 constet;
1206 3173 1449 3274 sublatisque

213 3313 346 3363 rerum
377 3285 667 3362 confusionibus
709 3293 750 3360 et
786 3286 913 3361 noxiis
946 3285 1211 3382 dilationibus,
1239 3288 1449 3387 judiciales

212 3403 497 3479 controversiae
521 3426 600 3477 non
625 3400 756 3476 minus
781 3410 942 3495 rectum,
967 3428 1087 3501 quam
1110 3405 1337 3502 expeditum
1361 3430 1447 3481 cur·

214 3545 301 3595 sum
318 3527 358 3595 et
373 3520 491 3594 finem
516 3518 751 3593 obtineant”
774 3518 935 3615 (Bened.
954 3519 1070 3596 XIV.
1088 3520 1265 3596 Jasatiae
1280 3529 1317 3596 et
1326 3527 1447 3622 paces,

213 3638 240 3712 4
264 3636 346 3712 Oct.
366 3634 496 3734 1746),
521 3633 730 3711 statuimus
755 3658 800 3710 ac
824 3634 984 3710 omnino
1009 3635 1309 3736 praescribimus
1336 3646 1381 3714 ut
1404 3638 1447 3715 in

213 3751 378 3851 singulis
428 3757 650 3826 nostrarum
696 3750 985 3849 provinciarum
1032 3752 1270 3828 dioecesibus
1316 3755 1447 3831 curiae

214 3866 464 3967 Episcopales
481 3866 771 3965 quamprimum
789 3866 1084 3960 constituuntur,
1101 3867 1166 3943 vel
1183 3869 1323 3945 saltem
1342 3869 1447 3947 ultra

212 3984 426 4061 triennium
450 3989 541 4083 post
564 3982 739 4080 Concilii
751 3981 1104 4082 promulgationem
1128 3984 1224 4061 haec
1248 3985 1445 4063 curiarum

211 4099 435 4178 constitutio
461 4124 540 4174 non
565 4099 767 4175 differatur
792 4098 876 4174 sine
901 4099 939 4175 S.
961 4099 1100 4199 Congr.
1127 4102 1177 4177 de
1203 4100 1319 4200 Prop.
1348 4102 1446 4181 Fide

211 4335 284 4411 hoo
299 4340 455 4431 tempus
471 4332 514 4407 id
538 4330 621 4407 fieri
645 4338 820 4431 nequeat.
872 4331 937 4406 Ita
954 4357 1121 4432 namque
1137 4332 1180 4409 in
1196 4334 1312 4409 rebus
1329 4334 1442 4411 disci·

211 4449 429 4552 plinaribus
462 4448 689 4524 clericorum
730 4448 943 4523 tractandis
976 4449 1118 4524 certius
1151 4449 1305 4526 eveniet
1337 4452 1444 4550 quod

210 4575 368 4666 exoptat
396 4567 434 4642 S.
463 4566 602 4663 Congr.
633 4566 681 4639 de
712 4563 829 4663 Prop.
862 4563 970 4659 Fide,
1001 4565 1122 4666 cujus,
1154 4574 1199 4641 ut
1227 4567 1443 4665 profitetur,

342 4687 405 4751 170
