3278 5318
448 556 503 602 nn
533 556 748 605 narrrsno
778 559 828 605 ar
857 559 1152 607 ararurrroum.
1351 542 1415 607 245

227 711 279 778 Π.
309 711 470 778 Dubium.-
505 712 628 779 Utrum
650 714 863 779 iuramentum
886 714 1103 780 Massonicum
1125 737 1190 781 non
1212 722 1415 779 retractatum

183 814 373 880 considerari
392 823 424 881 et
441 815 569 882 tractari
589 818 689 903 possit
702 817 754 882 vel
770 817 882 884 debeat
894 818 936 883 ad
956 819 1057 884 instar
1071 818 1290 905 impedimenti
1305 818 1416 882 matri-

183 919 328 984 monium
349 919 551 1007 impedientis
575 929 632 985 aut
656 922 752 986 etiam
776 921 957 987 dirimentis
969 948 979 1005 ;
1014 931 1047 988 et
1067 945 1149 1010 qnae
1169 922 1308 987 cautelae
1328 921 1415 1008 exigi

183 1022 317 1088 debeant
330 1032 368 1088 ut
381 1022 622 1089 matrimonium
636 1025 762 1110 puellae
774 1025 945 1091 catholicae
958 1049 1032 1090 eum
1043 1027 1114 1092 viro
1130 1027 1416 1092 Franoomuratore

183 1126 296 1210 iurato,
312 1126 399 1191 licite
411 1136 469 1193 aut
482 1128 578 1192 etiam
592 1127 699 1193 valide
712 1150 732 1192 a
745 1129 883 1214 parocho
897 1129 1039 1194 benedici
1053 1131 1161 1215 possit.

475 1317 586 1379 Fama
605 1317 664 1380 IV.
685 1337 745 1379 nm
765 1320 802 1380 21
824 1319 1017 1381 anaunnn
1038 1321 1124 1381 1883.

227 1479 270 1548 In
285 1481 536 1569 Congregatione
549 1482 688 1569 generali
703 1482 736 1548 S.
749 1482 791 1548 R.
806 1491 838 1547 et
852 1482 1054 1549 Universalis
1069 1482 1293 1569 Inquisitionis
1306 1482 1416 1573 habita

182 1607 289 1652 coram
311 1586 414 1652 Emis.
436 1608 474 1650 ae
494 1586 598 1652 Rmis
621 1584 699 1652 DD.
722 1585 755 1651 S.
779 1585 821 1652 R.
845 1586 886 1652 E.
909 1585 1135 1652 Cardinalibus
1161 1587 1196 1650 in
1220 1586 1315 1651 rebus
1340 1584 1415 1650 fidei

182 1688 383 1778 generalibus
401 1688 644 1776 inquisitoribus
658 1690 830 1775 propositis
842 1688 952 1754 dubiis
967 1689 1064 1757 iidem
1080 1690 1167 1755 Emi.
1181 1712 1219 1755 ac
1233 1690 1321 1755 Rini.
1337 1688 1414 1755 DD.

183 1792 368 1879 praehabito
382 1802 460 1860 voto
478 1791 555 1857 DD.
572 1791 801 1858 Consultorum
820 1790 1029 1859 decreverunt
1047 1792 1303 1880 respondendum
1321 1800 1417 1878 prout

182 1896 336 1983 sequitur,
351 1894 451 1961 idest:

225 1997 282 2066 Ad
309 1998 340 2066 I.
362 1998 523 2065 Dubium:
558 1997 653 2065 detur
677 1998 840 2066 decretum
866 1999 999 2067 fer.1v.
1023 2002 1066 2066 20
1091 2001 1286 2067 Novembris
1309 2003 1416 2084 18783

182 2104 287 2191 quoad
316 2102 584 2191 irregularitatem
612 2126 690 2170 vero
719 2103 811 2168 iuxta
842 2104 987 2190 exposita
1019 2127 1083 2169 non
1116 2103 1213 2169 fuisse
1246 2104 1415 2170 incursum.

182 2206 355 2273 Decretum
375 2214 483 2272 autem
509 2205 605 2272 seriae
629 2225 680 2273 Ν.
704 2209 747 2272 20
772 2207 968 2273 Novembris
995 2208 1091 2290 1878,
1113 2207 1174 2272 hoc
1198 2215 1245 2272 est
1257 2233 1267 2290 ς
1299 2206 1418 2273 seilicet

182 2310 410 2397 -Proposito
429 2309 530 2375 dubio
548 2320 659 2375 utrum
673 2310 811 2376 conferri
830 2310 942 2376 debeat
962 2311 1139 2396 baptismus
1157 2311 1219 2377 sub
1237 2309 1419 2376 conditione

182 2413 345 2481 haereticis
365 2414 423 2501 qui
444 2411 486 2479 ad
507 2413 694 2479 catholicam
716 2413 813 2480 fidem
834 2423 1064 2480 convertuntur
1089 2436 1107 2479 e
1128 2436 1329 2502 quocumque
1349 2414 1418 2481 loco

183 2518 373 2605 proveniant
400 2526 433 2583 et
460 2516 502 2583 ad
530 2541 765 2606 quamcumque
793 2528 910 2584 sectam
938 2519 1177 2604 pertineant-
1191 2518 1279 2584 Emi.
1307 2518 1419 2585 Patres

182 2623 414 2710 responderimt
426 2659 472 2672 -
486 2622 661 2709 Negative:
683 2621 747 2687 Sed
766 2621 802 2687 in
821 2622 1027 2688 conversione
1047 2620 1276 2687 haereticorum
1297 2645 1316 2687 a
1338 2644 1419 2709 quo-

182 2749 318 2815 cumque
343 2725 413 2791 loco
435 2725 488 2792 vel
512 2748 532 2791 a
557 2748 757 2814 quacumque
781 2734 865 2791 secta
885 2726 1035 2794 venerint
1059 2725 1286 2813 inquirendum
1311 2734 1359 2791 est
1379 2725 1419 2792 de

182 2830 350 2897 validitate
368 2829 520 2916 baptismi
543 2829 577 2893 in
599 2828 720 2895 haeresi
740 2830 887 2916 suscepti.
932 2829 1089 2895 Instituta
1108 2830 1208 2915 igitur
1227 2830 1262 2894 in
1283 2829 1420 2917 singulis

182 2933 306 2999 casibus
318 2934 475 3017 examine,
489 2933 516 2997 si
531 2941 730 3019 compertum
749 2932 847 2999 suerit
865 2942 922 3000 aut
941 2934 1081 3017 nullmn,
1095 2942 1152 2999 ant
1171 2933 1303 2998 nulliter
1322 2933 1419 3000 colla·

182 3045 253 3103 tum
274 3038 380 3120 fnisse,
401 3036 586 3123 baptizandi
607 3045 702 3102 erunt
721 3037 887 3104 absolute:
918 3037 953 3103 Si
975 3048 1084 3103 autem
1105 3060 1165 3123 pro
1185 3046 1366 3123 temporum
1387 3045 1420 3102 et

183 3140 326 3207 locorum
339 3141 470 3224 ratione,
486 3140 730 3228 investigatione
748 3149 883 3227 peracta,
898 3141 981 3205 nihil
996 3141 1066 3207 sive
1085 3164 1145 3227 pro
1159 3139 1335 3224 validitate,
1350 3141 1420 3207 sive

181 3268 242 3333 pro
259 3236 460 3310 invaliditate
477 3243 652 3330 detegatur,
667 3253 725 3310 aut
742 3244 848 3309 adhuc
867 3244 1034 3331 probabile
1052 3242 1188 3307 dubium
1207 3243 1248 3307 de
1266 3242 1419 3329 baptismi

181 3347 349 3417 validitate
362 3347 509 3435 supersit,
524 3358 602 3412 tunc
615 3349 675 3413 snb
689 3347 870 3413 conditione
889 3358 1007 3413 secreto
1021 3346 1231 3433 baptizentur.
1276 3345 1418 3412 Dcmum

181 3454 211 3519 si
224 3453 401 3519 constiterit
414 3452 560 3519 validum
575 3451 683 3535 fuisse,
697 3450 871 3537 recipiendi
885 3459 980 3516 erunt
998 3449 1220 3516 tantummodo
1234 3449 1275 3514 ad
1290 3449 1418 3517 abiura-

181 3558 303 3623 tionem
317 3579 373 3623 seu
387 3555 615 3642 professionem
630 3555 714 3622 fidei.

226 3659 283 3727 Ad
305 3660 357 3726 II.
372 3659 533 3725 Drmiam
561 3658 661 3740 Quod
682 3660 798 3725 attinet
810 3658 852 3725 ad
865 3658 1118 3741 matrimonium,
1132 3658 1168 3723 in
1183 3682 1247 3746 quo
1262 3682 1328 3725 una
1341 3682 1417 3726 con·

181 3764 379 3831 trahentium
397 3786 471 3850 pars
489 3762 694 3829 clandestinis
712 3762 990 3851 aggregationibus
1004 3762 1128 3827 notorie
1145 3762 1304 3847 adhaeret,
1318 3763 1419 3829 donec

184 3867 371 3955 Apostoliea
384 3866 480 3933 Sedes
493 3867 639 3955 generale
652 3867 814 3932 decretum
827 3866 887 3931 hac
900 3866 935 3930 in
954 3889 989 3931 re
1003 3888 1070 3931 non
1083 3865 1228 3949 ediderit,
1243 3875 1369 3952 oportet
1380 3876 1419 3932 ut

183 3981 324 4059 pastores
343 3980 435 4037 mute
454 3994 492 4036 ao
512 3970 687 4057 prudenter
711 3994 745 4035 se
768 3979 891 4059 gerant,
912 3980 944 4036 et
965 3970 1083 4036 debent
1102 3970 1210 4057 potius
1234 3969 1270 4034 in
1295 3970 1418 4036 casibus

183 4074 429 4163 particularibus
449 4098 488 4140 ca
507 4082 653 4157 statuere,
668 4096 750 4162 qnae
763 4074 865 4160 magis
882 4074 917 4138 in
933 4073 1077 4140 Domino
1090 4073 1242 4159 expedire
1256 4073 1418 4140 iudicave-

170 4178 260 4263 =rint,
274 4202 372 4267 quam
385 4178 527 4265 generali
541 4178 652 4265 regula
664 4177 788 4264 aliquid
802 4176 976 4244 decernere.
1021 4176 1165 4243 Omnino
1176 4199 1252 4243 vero
1266 4175 1418 4243 excluda-

184 4291 240 4349 tur
262 4281 431 4349 celebratio
455 4280 600 4349 sacrificii
628 4281 743 4346 missae
767 4281 830 4346 nisi
855 4281 984 4368 quando
1013 4280 1126 4367 gravia
1150 4280 1300 4346 adiuncta
1325 4280 1418 4347 aliter

184 4386 326 4475 exigant.

567 4539 598 4607 I.
613 4539 760 4606 PELAMI
773 4539 806 4606 S.
822 4539 865 4605 R.
882 4545 908 4603 d
931 4539 968 4605 U.
984 4538 1198 4624 Inquioitlomh
1211 4537 1373 4604 llbtarius.
