3278 5318
361 524 415 571 DE
445 524 867 573 DISPENSATIONIBUS
897 524 1329 571 MATRIMONIALIBUS.
1397 508 1461 571 253

275 684 304 747 6.
343 679 458 745 Variae
478 681 732 764 circumstantiae,
747 681 865 747 scilieet
886 705 928 747 an
950 681 1190 747 matrimonium
1212 681 1254 745 sit
1276 679 1463 745 contrahen-

230 782 319 868 dum,
333 784 388 852 vel
403 794 619 868 contractum3
640 785 669 850 si
685 785 748 850 iam
764 796 972 869 contractum,
987 786 1103 873 aperiri
1118 784 1221 868 debet,
1236 807 1277 849 an
1293 781 1462 866 bonafide,

230 887 341 954 saltem
362 911 403 953 ex
425 900 515 976 parte
531 890 636 972 unius,
652 888 705 957 vel
719 911 792 954 cum
807 890 937 954 seientia
952 888 1193 978 impedimenti3
1215 889 1292 953 item
1311 910 1352 951 an
1372 910 1463 974 prae-

230 991 333 1057 missis
354 991 659 1076 denuntiationibus
682 1000 715 1058 et
744 992 834 1057 iuxta
863 993 1000 1058 formam
1030 993 1235 1074 Tridentini3
1264 991 1319 1058 vel
1344 1014 1386 1056 an
1408 1012 1464 1078 spe

230 1095 356 1161 facilius
376 1096 642 1185 dispensationem
665 1097 831 1163 obtinendi
841 1122 851 1180 3
881 1097 1011 1162 demum
1032 1120 1075 1162 an
1096 1098 1139 1162 sit
1155 1105 1420 1178 consummatum,
1435 1095 1463 1160 si

230 1198 314 1264 mala
327 1200 399 1283 lide,
414 1199 525 1265 saltem
540 1201 636 1266 unius
650 1202 760 1287 partis,
775 1224 830 1266 seu
845 1224 918 1265 cum
933 1200 1064 1265 scientia
1079 1200 1309 1288 impedimenti.

273 1304 303 1368 7.
324 1303 443 1391 Copula
458 1305 625 1369 incestuoso
639 1304 750 1370 habita
761 1304 844 1369 inter
857 1326 990 1390 sponsos
1004 1314 1078 1369 ante
1091 1304 1336 1391 dispensat-ionis
1351 1326 1463 1369 execu-

230 1407 358 1490 tionem,
387 1407 455 1473 sive
483 1417 566 1492 ante,
596 1409 666 1474 sive
694 1416 767 1495 post
799 1409 866 1473 eius
895 1407 1161 1494 impetrationem,
1190 1408 1260 1472 sire
1288 1407 1464 1472 intentione

229 1509 354 1576 facilius
371 1510 638 1599 dispensationem
658 1511 834 1595 obtinendi,
849 1510 918 1577 sive
939 1513 1036 1576 etiam
1057 1511 1178 1576 seclusa
1197 1510 1255 1576 tali
1278 1511 1462 1593 intentione,

229 1623 261 1679 et
282 1614 350 1680 sive
373 1615 486 1701 copula
511 1615 638 1702 publice
662 1624 738 1680 nota
760 1615 813 1699 sit,
836 1615 906 1681 sive
929 1616 1025 1680 etiam
1049 1615 1181 1681 occulta.
1227 1615 1261 1681 Si
1288 1615 1366 1679 haec
1387 1613 1463 1679 reti-

229 1727 366 1802 ceantur,
381 1719 584 1806 subreptitias
606 1742 672 1784 aese
693 1727 724 1784 et
746 1719 864 1784 nullibi
885 1742 922 1784 ac
944 1719 1036 1784 nullo
1057 1719 1153 1785 modo
1172 1719 1280 1785 valere
1300 1718 1463 1806 dispensa-

229 1823 329 1888 tiones
365 1846 460 1910 super
488 1823 741 1911 quibuscumque
776 1822 928 1911 gradibus
964 1823 1136 1911 prohibitis
1168 1822 1462 1909 consanguinitatis,

228 1925 401 2010 affinitatis,
427 1927 624 2014 cognationis
653 1926 838 2013 spiritualis,
864 1936 896 1992 et
925 1926 1045 2013 legalis,
1076 1949 1134 1991 nec
1162 1950 1227 1992 non
1256 1936 1289 1991 et
1316 1925 1464 2012 publicae

229 2028 401 2095 honestatis
422 2030 595 2096 declaravit
617 2030 650 2096 S.
674 2031 886 2118 Congregatio
908 2031 941 2096 S.
965 2029 1084 2114 Officii,
1107 2031 1253 2096 Fer.1v.
1277 2034 1294 2094 1
1319 2028 1462 2116 Augusti

230 2136 347 2199 laea*
392 2134 435 2198 In
450 2135 586 2220 petenda
599 2157 676 2200 vero
691 2134 924 2221 dispensatione
943 2157 1039 2222 super
1053 2133 1281 2222 impedimento
1300 2131 1462 2197 affinitatis

223 2234 325 2323 ⁴primi
340 2237 392 2304 vel
407 2237 534 2303 secundi
555 2238 673 2325 gradus
690 2237 791 2303 lineae
805 2238 1003 2321 collateralis,
1018 2238 1045 2303 si
1067 2237 1329 2326 impedimentum
1344 2235 1462 2300 nedum

228 2362 268 2405 ex
297 2341 502 2407 matrimonio
530 2350 749 2407 consummato
786 2365 860 2406 eum
888 2341 1040 2407 defuncto
1068 2341 1203 2426 coniuge
1231 2340 1381 2406 Oratoris
1408 2339 1462 2408 vel

228 2443 392 2528 Oratricis,
407 2444 461 2510 sed
483 2445 579 2510 etiam
601 2468 642 2510 ex
663 2445 777 2532 copula
798 2444 1099 2510 antematrimoniali
1120 2468 1175 2510 scu
1198 2444 1368 2510 fornicaria
1388 2466 1462 2509 cum

228 2548 338 2613 eodem
352 2546 502 2614 defuneto
516 2558 590 2613 ante
609 2548 727 2614 initum
747 2572 820 2613 cum
840 2549 911 2635 ipso
930 2548 1172 2613 matrimonium
1192 2558 1317 2635 patrata
1330 2548 1462 2630 oriatur,

228 2673 349 2717 neeesse
372 2674 436 2718 non
459 2661 517 2736 est,
541 2660 577 2716 ut
600 2653 719 2718 mentio
743 2653 799 2718 liat
823 2653 1010 2718 huiusmodi
1033 2652 1165 2718 illicitae
1187 2652 1329 2739 copulae,
1351 2675 1462 2738 quem-

227 2754 401 2821 admodum
423 2766 510 2844 patct
531 2779 572 2821 ex
594 2779 744 2843 responso
758 2756 792 2822 S.
808 2756 1076 2821 Paenitentiariae
1089 2756 1154 2821 diei
1177 2759 1220 2822 20
1235 2756 1349 2821 Martii
1366 2758 1461 2838 1842,

228 2860 383 2946 probante
410 2883 504 2926 sm.
531 2859 628 2946 Greg.
654 2861 763 2929 XVI.
788 2859 830 2926 ad
860 2860 1058 2948 Episcopum
1088 2861 1349 2943 Namurecnsem,
1375 2857 1462 2946 quod

227 2963 371 3050 generale
385 2987 460 3047 esse,
476 2963 560 3028 idem
575 2963 717 3029 tribunal
733 2963 835 3029 literis
849 2964 913 3028 diei
930 2968 971 3029 10
987 2963 1173 3029 Decembris
1190 2966 1275 3029 1874
1289 2963 1401 3030 edixit.

271 3066 363 3133 Haec
383 3090 459 3154 prae
479 3067 580 3133 oculis
601 3067 716 3133 habere
736 3067 853 3133 debent
875 3090 940 3132 non
962 3067 1058 3133 modo
1078 3067 1135 3155 qui
1155 3068 1197 3132 ad
1219 3067 1252 3132 S.
1268 3067 1381 3131 Sedena
1403 3088 1462 3153 pro

227 3170 400 3237 obtinenda
413 3171 521 3258 aliqua
540 3171 768 3237 matrimoniali
787 3171 1020 3259 dispensatione
1033 3180 1209 3253 recurrunt,
1224 3169 1388 3235 sedetiam
1405 3170 1462 3257 qui

228 3296 268 3339 ex
282 3274 445 3361 pontificia
458 3274 656 3361 delegatione
668 3275 850 3362 dispensare
863 3297 920 3363 per
934 3297 967 3338 se
981 3273 1044 3359 ipsi
1058 3273 1177 3356 valent,
1194 3281 1231 3338 ut
1248 3272 1461 3356 facultatibus,

227 3377 344 3465 quibus
358 3378 493 3466 pollent,
508 3378 578 3460 rite,
594 3386 631 3443 ut
645 3400 703 3464 par
717 3386 773 3460 est,
788 3388 931 3443 utantur.

272 3480 394 3547 Datum
409 3504 450 3546 ex
464 3481 610 3546 Aedibus
624 3480 658 3548 S.
674 3481 712 3547 C.
727 3480 768 3546 de
782 3481 880 3569 Prop.
897 3480 980 3546 Fide
994 3480 1046 3545 die
1062 3483 1081 3546 9
1098 3480 1180 3545 Maii
1198 3483 1293 3547 1877.

263 3752 508 3828 Responsum
535 3753 682 3828 Senon
711 3752 872 3827 Oarrcn
899 3773 952 3826 ns
978 3752 1142 3827 Corum
1168 3752 1426 3828 IacnsruosA.

272 3918 451 3985 Infandum
479 3919 616 3984 incestus
645 3918 803 4006 flagitium
832 3917 984 4005 peculiari
1014 3940 1137 4005 semper
1165 3918 1240 3984 odio
1268 3927 1376 3984 sancta
1400 3917 1464 3984 Dei

228 4022 370 4088 Ecclesia
384 4031 549 4111 prosecuta
562 4032 619 4106 est,
634 4033 666 4087 et
679 4022 804 4088 Summi
821 4021 960 4086 Romani
976 4021 1148 4086 Pontifices
1161 4031 1341 4087 statuerunt
1355 4020 1463 4110 utqui

216 4149 266 4192 eo
278 4149 313 4192 se
325 4126 483 4192 maculare
496 4126 785 4208 non'erubuissent,
797 4125 824 4190 si
839 4123 880 4190 ad
895 4124 1116 4210 Apostolieam
1130 4124 1244 4189 Sedem
1259 4124 1464 4212 confugerent

228 4229 381 4319 petendae
394 4253 489 4295 eausa
502 4229 750 4318 dispensationis
768 4250 864 4314 super
878 4226 1117 4315 impedimentis
1131 4229 1371 4293 matrimonium
1385 4227 1465 4292 diri-

228 4333 397 4417 mentibus,
412 4357 523 4399 eorum
544 4355 661 4421 preces,
681 4332 743 4396 nisi
765 4330 800 4395 in
820 4332 866 4397 eis
884 4330 925 4396 de
945 4329 1085 4397 admisso
1106 4331 1220 4396 scelere
1240 4332 1360 4396 mentio
1383 4331 1466 4396 saeta

228 4446 317 4521 esset,
332 4436 527 4524 obreptionis
546 4446 579 4502 et
596 4436 811 4522 subreptionis
825 4436 906 4502 vitio
922 4434 1056 4500 infectae
1069 4434 1269 4518 haberentur,
1283 4444 1379 4522 atque
1394 4434 1465 4501 ideo

262 4590 360 4655 *Quae
376 4590 427 4643 hoe
444 4591 501 4643 loco
516 4589 551 4642 de
567 4590 662 4657 copula
678 4589 768 4641 ineest.
784 4587 916 4655 dicuntur,
933 4586 1111 4641 recentissime
1127 4604 1144 4638 a
1160 4586 1186 4640 S.
1198 4586 1324 4640 Pontifice
1341 4586 1466 4654 abrogata

228 4679 297 4739 sunt,
309 4681 340 4725 ut
351 4682 426 4742 patet
436 4690 471 4725 ex
481 4674 590 4742 sequenti
600 4673 737 4741 Responsa
746 4671 774 4723 S.
785 4671 818 4724 0.
