3278 5318
572 461 798 507 SESSIOXES
826 461 1063 507 SOLEMNES.

464 615 711 682 Thurifcrarius.

463 720 682 786 Subdiaconus
696 744 770 785 cum
785 722 887 788 Cruce
901 723 1185 809 Archiepiseopali.

464 824 636 909 Presbyter
648 825 812 890 Assistens
827 825 974 912 Delegati
990 826 1180 912 Apostolici.

463 928 636 1014 Delegatus
651 928 856 1013 Apostolicus
871 930 954 994 inter
969 929 1129 994 Diaconos
1143 931 1337 995 Assistentes

463 1031 606 1096 Ministri
623 1031 770 1118 Delegati
785 1033 973 1119 Apostolici.

244 1205 334 1272 Dum
348 1229 406 1294 per
421 1206 490 1271 vias
505 1206 673 1271 viciniores
692 1207 775 1271 inter
789 1205 991 1273 densissimas
1011 1209 1122 1294 populi
1144 1210 1254 1274 turbas
1274 1209 1435 1274 eeclesiam

201 1319 351 1395 peterent,
366 1310 503 1396 hymnos
520 1309 595 1374 Veni
607 1310 733 1375 Orector
752 1310 898 1396 Spimtaa
912 1312 981 1375 Ave
1000 1313 1107 1377 Maris
1126 1312 1219 1377 Stella
1241 1321 1273 1378 et
1293 1312 1437 1377 Paolmoa

200 1416 254 1496 80,
275 1415 330 1497 83,
352 1417 398 1476 86
418 1413 636 1480 (temptabant.
681 1414 895 1499 Synoeialibus
916 1416 1064 1481 omnibus
1085 1424 1117 1481 et
1138 1417 1262 1502 reliquo
1284 1416 1379 1482 Clero
1401 1415 1435 1479 in

201 1515 328 1582 ecclesia
344 1518 406 1581 rite
419 1516 591 1603 dispositis,
607 1519 766 1603 ingressus
786 1526 833 1582 est
851 1519 997 1583 omnium
1012 1520 1150 1585 Concilii
1166 1520 1300 1584 Patrnm
1320 1519 1433 1601 senior,

202 1619 329 1687 Illmus.
355 1630 388 1686 et
413 1620 526 1686 Rarus.
549 1622 816 1707 Archiepisoopus
841 1621 875 1687 S.
899 1622 1069 1705 Ludoviei‚
1092 1624 1220 1688 missam
1246 1623 1286 1688 de
1311 1622 1435 1709 Spiritu

202 1722 316 1788 Sancto
337 1723 561 1805 celebraturus,
577 1725 628 1788 cui
650 1725 836 1789 assistebant
853 1724 952 1790 Adm.
969 1725 1050 1791 Rev.
1067 1726 1106 1792 P.
1123 1727 1165 1792 A.
1182 1726 1328 1808 Stanton,
1344 1726 1385 1790 O.
1401 1725 1433 1791 S.

202 1827 258 1908 A..
272 1824 306 1891 S.
322 1825 362 1890 T.
378 1823 433 1906 D.,
448 1823 497 1888 uti
512 1823 696 1910 presbyten
718 1823 817 1890 Adm.
834 1824 917 1889 Rev.
933 1823 976 1890 D.
992 1825 1131 1909 Lyman,
1145 1827 1191 1892 V.
1209 1827 1260 1906 F„
1271 1826 1434 1910 diaconae,

202 1937 235 1994 et
249 1927 347 1993 Adm.
360 1928 442 1993 Rev.
456 1928 499 1992 N.
512 1929 555 1992 A.
568 1927 669 2009 MoeS,
681 1927 901 1994 subdiaconus.
947 1926 1120 2014 Delegatus
1131 1929 1337 2014 Apostolieus
1346 1929 1435 1995 thro·

203 2054 281 2097 num
293 2032 465 2117 occupabat
479 2031 603 2095 medius
619 2032 702 2095 inter
716 2031 865 2096 diaconos
879 2031 1058 2097 assistentes
1073 2033 1155 2098 Rev.
1168 2032 1246 2098 DD.
1258 2032 1435 2120 Georgium

203 2134 245 2201 G.
261 2135 388 2200 Devine
408 2143 439 2199 et
457 2133 629 2200 Alfredum
651 2135 693 2199 A.
710 2135 829 2218 Certis,
848 2135 1032 2222 presbytero
1053 2135 1217 2201 assistente
1236 2135 1334 2202 Adm.
1351 2136 1433 2203 Rev.

204 2237 358 2304 Eduardo
373 2238 566 2325 MeColgan,
581 2239 628 2305 V.
645 2238 686 2304 G.

248 2342 350 2407 Missa
369 2342 460 2407 finita
478 2342 660 2407 concionem
675 2342 725 2405 De
744 2342 887 2407 mealia
901 2343 1057 2407 Ecclesiae
1070 2343 1111 2408 ad
1126 2343 1245 2408 clerum
1260 2343 1435 2430 populum·

202 2469 266 2534 que
294 2446 406 2511 nanus
436 2446 564 2511 tumus.
588 2455 619 2510 a
649 2447 762 2511 smus.
790 2430 946 2512 Palaeis
975 2447 1008 2512 J.
1039 2447 1145 2533 syan,
1169 2447 1436 2535 archiepiscopus

205 2550 505 2637 Philadelphiensis

247 2655 341 2720 Tunc
362 2655 485 2740 incepta
506 2665 553 2720 est
574 2655 669 2719 sessio
690 2655 852 2740 synodalis
873 2655 906 2718 in
926 2677 1000 2741 qua,
1016 2656 1099 2721 sieut
1118 2665 1149 2720 et
1168 2657 1202 2719 in
1221 2656 1434 2742 sequentibus,

203 2759 312 2825 omnia
333 2761 431 2844 juxta
452 2758 640 2823 Pontifieole
666 2759 849 2823 Romanum
878 2768 909 2823 et
938 2759 1175 2825 Caeremoniale
1201 2758 1436 2845 Episcoporum

203 2861 386 2928 fidelissime
399 2872 526 2948 peracta
539 2872 624 2927 sunt.
670 2863 804 2927 Lectum
821 2862 982 2948 igiturest
996 2885 1129 2949 sequens

523 3052 685 3117 Decretum
707 3053 757 3116 De
777 3053 902 3137 Syrmelo
925 3054 1115 3139 Aperiazda.

249 3211 269 3244 “
280 3209 322 3273 Iu
342 3207 482 3272 Nomine
496 3207 714 3273 Sacrosanctae
728 3217 759 3272 et
780 3207 976 3272 Individuae
990 3207 1170 3291 Trinitatis
1186 3208 1292 3272 Patris
1307 3218 1337 3272 et
1354 3207 1436 3272 Filii

203 3321 237 3377 et
250 3311 389 3398 Spiritus
403 3311 520 3377 Sancti.
566 3312 682 3376 Amen.

248 3415 349 3480 “Nos
362 3414 502 3480 «Iacobus
516 3414 673 3497 Gibbons‚
687 3413 750 3479 Dei
765 3423 796 3479 et
810 3414 1014 3500 Apostolicae
1027 3414 1119 3480 Sedis
1132 3414 1235 3501 gratia
1249 3413 1436 3501 Archiepis-

203 3541 302 3607 oopus
319 3517 560 3583 Baltimorensis
580 3527 676 3603 atque
697 3517 836 3604 ejusdcm
857 3517 949 3583 Sedis
970 3518 1175 3603 Apostolicac
1196 3517 1380 3604 Delegatus,
1394 3516 1436 3583 ad

205 3622 333 3688 laudem
361 3629 393 3686 et
421 3619 555 3708 gloriam
586 3620 648 3685 Dei
678 3621 918 3708 Omnipotentis
947 3630 979 3685 et
1007 3621 1184 3686 Salvatoris
1213 3620 1326 3686 Nostri
1355 3621 1435 3687 Jesu

205 3725 348 3808 Christi3
385 3726 420 3789 in
449 3725 602 3790 honorem
632 3724 837 3790 Beatissimae
869 3733 901 3789 et
933 3724 1161 3789 Immaculatae
1189 3725 1343 3810 Virginis
1371 3723 1435 3789 Dei

205 3828 378 3897 Genitricis
399 3829 532 3912 Mariae,
552 3827 667 3893 harum
689 3828 935 3894 Provinciamm
957 3829 1126 3914 primariae
1147 3827 1315 3912 Patronae‚
1337 3827 1435 3893 Sane·

203 3944 312 4000 torum
326 3933 556 4020 Apostolorum
572 3933 660 3998 Petri
676 3941 707 3997 et
726 3932 823 3998 Pauli
832 3959 842 4015 ;
864 3933 905 3997 ad
920 3932 1171 3997 aedificationem
1187 3932 1347 3997 Ecclesiae
1362 3930 1435 4014 Dei,

203 4037 246 4104 ad
265 4039 415 4125 pictatem
433 4036 605 4101 fovendam
624 4047 657 4101 et
676 4037 780 4101 zelum
794 4037 975 4101 animarum
994 4035 1177 4121 aagendam
1197 4044 1264 4100 tam
1284 4036 1319 4100 in
1339 4034 1436 4101 Clero

203 4164 302 4229 quam
321 4140 356 4205 in
376 4138 506 4227 populo,
521 4139 562 4205 ad
577 4139 779 4225 corrigendos
791 4139 920 4223 abusus,
934 4139 1104 4204 statuimus
1123 4147 1155 4204 et
1173 4139 1381 4220 decernimus,
1396 4135 1436 4203 dc

203 4244 336 4310 consiiio
365 4253 398 4309 et
424 4266 578 4308 consensu
607 4242 790 4308 Iilmorum.
820 4252 852 4308 et
877 4243 1046 4308 Rmorum.
1078 4242 1313 4328 Episcoporum
1338 4241 1436 4327 hujus

203 4347 343 4415 Concilii
361 4347 583 4433 Synodalium‚
599 4346 660 4411 hoc
673 4346 742 4433 ipso
756 4345 818 4429 die,
833 4346 891 4433 qui
905 4355 952 4412 at
971 4368 1076 4409 nonus
1095 4346 1211 4409 mensis
1231 4344 1435 4426 Novembris,

203 4451 282 4517 anni
318 4450 481 4515 millesimi
510 4450 760 4535 octingentesimi
794 4448 976 4536 octogesimi
1009 4449 1126 4536 quarti,
1157 4447 1228 4513 Deo
1263 4448 1436 4532 adjuvante

204 4554 334 4620 initium
346 4553 423 4637 fieri,
434 4555 544 4640 etjam
560 4552 679 4618 sactum
693 4575 759 4618 esse
773 4552 868 4639 hujus
882 4551 1025 4618 Pleuarii
1040 4551 1178 4618 Concilii
1193 4548 1435 4616 Baltimorensis
