3278 5318
576 510 645 557 'nn
674 511 1072 569 ouasr-nourcrnro.
1385 496 1447 560 257

219 664 411 752 quisitorum
442 665 648 732 Generalium
677 690 697 732 a
725 674 756 732 te
784 668 935 755 peculiari
965 668 1060 733 modo
1089 669 1323 756 exquirendum
1358 692 1448 733 man-

219 767 320 852 davit,
335 778 445 835 utrum
466 769 614 856 expediat
633 770 802 854 declarare,
818 771 993 837 Ecclesiam
1013 795 1221 859 praesumere,
1236 784 1385 837 neutmm
1407 796 1446 837 ex

220 871 295 956 illis,
310 873 367 960 qui
381 896 399 938 e
412 872 482 939 loco
495 874 663 939 discedunt
675 875 732 939 ubi
747 875 936 941 Tridentina
955 876 1009 940 lex
1023 876 1122 962 viget,
1137 876 1284 940 habuisse
1296 875 1447 943 volunta·

219 984 283 1040 tem
304 976 511 1062 permanendi
531 977 573 1042 ad
595 978 748 1044 maiorem
768 978 845 1044 anni
867 989 999 1065 partem,
1015 979 1149 1066 ideoque
1167 1003 1224 1043 nec
1237 979 1447 1067 quasi-domi-

219 1078 330 1143 cilium
342 1080 524 1168 acquisiisse
544 1082 579 1146 in
601 1081 670 1148 loco
690 1083 749 1148 ubi
763 1105 800 1148 ea
814 1082 868 1148 lex
882 1107 946 1149 non
963 1085 1070 1170 viget:
1092 1093 1124 1148 ct
1138 1106 1234 1169 quam
1250 1083 1447 1149 voluntatem

219 1181 302 1249 forte
329 1184 449 1251 iactant
474 1208 542 1251 esse
568 1185 761 1270 simulatam,
786 1196 818 1253 et
846 1187 1087 1252 matrimonium
1116 1187 1203 1274 quod
1232 1186 1447 1251 contraxerint

218 1309 283 1353 esse
308 1287 510 1355 invalidum:
539 1289 603 1354 nisi
628 1289 690 1376 ipsi
715 1290 769 1358 vel
793 1290 945 1356 alteruter
969 1313 1080 1355 eorum
1105 1289 1279 1354 Ordiuario
1304 1289 1365 1354 loci
1390 1290 1446 1354 ubi

219 1391 458 1457 matrimonium
478 1393 678 1458 contrahitur
697 1393 751 1459 vel
772 1394 840 1459 eius
861 1393 1005 1480 delegato
1026 1416 1060 1458 se
1080 1392 1228 1475 stiterint,
1250 1401 1281 1457 et
1302 1416 1447 1478 compro-

219 1492 293 1560 bata
305 1493 400 1560 sicuti
420 1518 480 1583 par
493 1505 541 1561 est
561 1495 612 1562 sui
633 1505 734 1562 status
755 1495 909 1576 libertate,
924 1498 1069 1561 animum
1091 1497 1209 1561 ibidem
1229 1496 1446 1561 commorandi

218 1597 259 1663 ad
295 1599 448 1664 maiorem
483 1599 561 1665 anni
595 1608 719 1687 partem
754 1599 979 1665 concludenter
1006 1600 1314 1682 demonstraverint3
1351 1608 1387 1664 ut
1419 1599 1446 1664 si

218 1702 291 1789 quis
310 1725 362 1769 ex.
376 1726 426 1790 gr.
441 1702 664 1769 concludenter
682 1704 796 1791 probet
815 1726 850 1769 se
869 1703 912 1770 ad
932 1727 989 1770 sex
1012 1726 1133 1769 menses
1146 1703 1200 1770 vel
1222 1702 1354 1768 domurn
1372 1726 1448 1768 eon-

218 1805 347 1872 duxisse
360 1806 414 1873 vel
435 1830 565 1894 operam
584 1830 677 1873 suam
697 1808 783 1894 apud
804 1808 945 1896 aliquem
968 1809 1094 1891 locasse,
1109 1808 1144 1872 in
1164 1831 1261 1895 eaque
1275 1831 1310 1873 re
1324 1807 1446 1872 nullam

218 1933 283 1977 esse
307 1910 453 1977 fraudem
475 1911 540 1977 duo
564 1912 659 1999 probi
683 1912 827 1977 homines
851 1914 921 1978 sive
943 1913 1008 1978 viri
1033 1913 1084 1976 illi
1109 1912 1174 1977 sint
1199 1912 1267 1978 sive
1292 1912 1448 1977 foeminae
1511 1924 1514 1928 ’

218 2022 371 2081 testentur
383 2041 393 2099 3
420 2015 474 2083 vel
503 2016 532 2082 si
560 2016 629 2082 sola
656 2017 753 2082 etiam
780 2015 966 2082 huiusmodi
994 2016 1125 2081 testium
1154 2017 1232 2081 fides
1260 2015 1446 2099 adducatur,

218 2117 275 2205 qui
295 2119 414 2185 seilicet
435 2119 552 2187 Curiae
573 2120 745 2207 episcopali
765 2119 819 2188 vel
845 2121 914 2186 eius
937 2120 1082 2207 delegato
1104 2120 1203 2206 probe
1223 2119 1342 2205 cogniti
1371 2119 1446 2203 siut,

218 2222 337 2309 quique
357 2224 566 2311 profiteantur
586 2224 734 2290 scientiae
753 2247 881 2289 musam
902 2224 1067 2290 offerentes
1080 2223 1143 2288 sibi
1157 2232 1269 2287 notum
1283 2245 1358 2305 esse,
1373 2245 1446 2286 eum

179 2410 184 2419 Ι
218 2323 258 2390 de
277 2349 343 2413 quo
362 2328 471 2415 agitur
483 2350 559 2395 vere
579 2328 761 2415 sincereque
779 2329 881 2392 fixum
899 2328 1026 2411 habere,
1040 2350 1096 2392 sex
1110 2326 1222 2392 saltem
1238 2326 1398 2391 mensibus
1412 2326 1447 2390 in

219 2428 328 2495 eodem
342 2429 412 2496 loco
425 2431 625 2515 commorari,
639 2431 693 2499 vel
707 2431 845 2519 denique
858 2431 923 2497 alia
936 2432 1023 2496 hisee
1036 2430 1155 2496 similia
1168 2429 1352 2512 afferantur,
1366 2452 1447 2516 quae

218 2555 277 2620 pro
290 2533 491 2600 concludenti
505 2535 693 2623 probatione
706 2535 742 2601 in
756 2535 884 2601 iudiciis
897 2534 1025 2600 admitti
1040 2534 1152 2600 solent

261 2635 409 2718 Quodsi
429 2638 584 2726 gravibus
605 2637 688 2704 forte
707 2638 943 2730 rationibusuid
966 2637 1112 2703 futurum
1133 2638 1304 2703 obsonatu
1318 2637 1448 2702 difficile

217 2740 269 2808 vel
284 2751 457 2830 utcumque
470 2742 577 2807 minus
591 2751 808 2828 opportunum
822 2744 884 2809 tibi
898 2741 1076 2829 persuadeS,
1090 2751 1169 2807 tune
1183 2742 1447 2807 considerandum

217 2867 343 2933 quoque
363 2846 563 2933 proponitur,
578 2855 689 2911 utrum
709 2847 868 2933 expediat,
889 2855 928 2912 ut
948 2845 983 2910 in
1004 2845 1081 2911 loeis
1102 2846 1160 2911 ubi
1181 2845 1325 2911 contrahi
1346 2845 1448 2911 solent

218 2950 431 3034 matrimonia,
446 2973 528 3037 quae
547 2957 598 3016 tot
618 2958 771 3037 tantaque
791 2951 922 3037 pariunt
936 2951 1146 3033 incommoda,
1162 2959 1194 3014 ct
1208 2949 1398 3014 nominatim
1413 2948 1447 3012 iu

217 3053 340 3141 Anglia
359 3054 422 3120 rite
441 3053 623 3140 publicetur
650 3054 812 3120 decretum
833 3053 973 3120 Concilii
1001 3053 1183 3119 Tridentini
1217 3053 1347 3118 Terrretei
1372 3075 1446 3119 sess.

217 3176 335 3243 xxm,
348 3181 376 3224 e
393 3160 412 3223 1
427 3158 466 3223 de
478 3157 570 3243 resur.
584 3165 686 3242 matr,
702 3159 748 3224 ita
766 3166 874 3223 tamen
895 3167 934 3224 ut
954 3157 1076 3244 obliget
1096 3156 1267 3222 mtholicos
1280 3157 1448 3221 dumtaxat

217 3259 300 3326 inter
319 3283 354 3327 se
374 3260 602 3344 contrahentes,
617 3259 887 3348 quemadmodum
901 3269 1047 3327 servatur
1061 3259 1096 3324 in
1111 3260 1151 3324 iis
1166 3260 1242 3324 locis
1256 3258 1298 3323 ad
1312 3281 1393 3345 quae
1406 3258 1447 3323 ab

217 3363 402 3450 Apostolica
423 3364 504 3430 Sede
524 3374 656 3429 extensa
676 3363 741 3429 fuit
761 3363 932 3428 declaratio
953 3363 1039 3429 edita
1063 3385 1148 3428 anno
1171 3364 1254 3428 1741
1280 3385 1300 3426 a
1322 3384 1447 3427 summo

217 3465 371 3533 Pontifice
385 3466 557 3534 Benedicto
571 3468 680 3536 XIV.
695 3491 755 3555 pro
769 3466 958 3533 Hollandia.

260 3571 327 3637 Fac
340 3571 449 3659 igitur,
460 3579 499 3637 ut
511 3570 656 3637 adhibita
665 3594 792 3659 quoque
805 3570 834 3636 si
849 3570 938 3636 lubet
947 3571 1176 3657 praestantium
1186 3571 1332 3635 virorum
1342 3592 1448 3656 opera,

215 3675 276 3742 hac
295 3675 331 3741 in
351 3698 387 3741 re
407 3697 483 3742 sane
495 3675 685 3764 gravissima
698 3675 839 3740 studiose
852 3673 1034 3762 indaganda
1047 3673 1158 3739 sedulo
1172 3674 1317 3756 verseris,
1332 3684 1364 3738 et
1377 3696 1448 3738 sen-

215 3779 347 3845 tentiam
370 3778 485 3845 deinde
506 3787 596 3844 tuam
617 3779 736 3867 scripto
757 3777 865 3844 tradas
887 3778 1033 3866 mihique
1052 3777 1273 3843 communices.
1327 3778 1396 3842 Nec
1416 3786 1448 3843 te

215 3882 322 3970 pigeat
333 3883 433 3949 simul
446 3883 606 3949 enucleate
619 3885 780 3949 rationum
791 3891 953 3949 momenta
966 3904 1124 3968 exponere
1134 3882 1251 3969 quibus
1264 3879 1306 3946 ad
1321 3904 1448 3969 eaquae

215 3987 269 4053 hic
281 3987 341 4053 tibi
357 3996 580 4075 proponuntur
590 3986 660 4055 sive
672 3985 868 4054 admittenda
878 3986 948 4052 sive
957 3984 1156 4051 excludenda
1171 3985 1269 4050 fueris
1281 3985 1445 4052 adductus.

245 4091 336 4157 »Non
356 4089 533 4176 dubitatur,
554 4092 635 4178 quin
660 4091 744 4155 nihil
768 4090 813 4157 sis
837 4090 1126 4177 praetermissurus,
1148 4113 1214 4177 quo
1240 4089 1301 4154 hoc
1329 4111 1447 4153 munus

214 4193 275 4260 tibi
295 4217 317 4261 a
344 4193 516 4261 Sanctitate
543 4193 610 4260 Sua
637 4193 864 4260 demandatum
892 4193 1004 4259 sedulo
1031 4192 1235 4280 celeriterque
1270 4192 1445 4277 exequaris.

216 4297 353 4364 Interim
367 4297 472 4364 fausta
484 4308 597 4363 cuneta
610 4321 647 4364 ac
661 4297 765 4363 felicia
778 4298 839 4362 tibi
858 4319 969 4385 precor
982 4319 1002 4361 a
1016 4295 1097 4363 Deo.

259 4400 383 4467 Romae
395 4399 448 4466 die
462 4400 482 4467 7
497 4400 589 4466 Iunii
605 4404 701 4467 1867.

563 4505 800 4591 Amplitudinis
815 4506 903 4571 Tuae

760 4607 1010 4674 Addietissimus
1025 4609 1072 4674 uti
1089 4608 1187 4675 frater

1042 4713 1080 4779 Ο.
1103 4712 1217 4779 Cana.
1241 4710 1402 4777 Parrum.
