3278 5318
435 479 489 525 DE
518 480 758 527 ORDINATIS
786 481 946 527 TITULO
976 469 1207 528 Mlssloxls'.
1374 466 1437 529 209

204 635 403 722 temporibus
424 635 622 722 impertitum
645 636 752 720 fuisse,
767 660 833 702 non
847 637 952 702 solum
966 660 1039 701 cum
1059 636 1255 724 praedictum
1278 637 1437 704 iuramen-

205 749 276 804 tum
297 740 403 825 primo
423 741 594 823 emiserint,
609 763 722 806 verum
745 741 841 806 etiam
862 764 936 805 eum
958 741 1041 805 illud
1062 750 1145 806 stato
1159 741 1224 804 iam
1238 741 1290 805 die
1303 764 1437 806 renova·

205 842 322 927 verint,
342 843 518 909 dummodo
544 845 579 908 in
605 854 741 931 utroque
759 868 834 910 casu
854 845 1077 909 conscientiam
1102 867 1193 908 suam
1220 844 1437 911 Paenitentiae

204 956 398 1012 sacramento
411 948 541 1034 expiare
554 971 620 1012 non
633 949 794 1031 omittant,
805 957 900 1034 atque
915 947 1166 1012 Eucharistieam
1181 949 1437 1013 communionem

204 1051 387 1137 suscipiant,
402 1051 456 1116 vel
471 1051 590 1116 Missae
603 1052 760 1117 eelebrent
773 1053 971 1118 sacrificium.

248 1152 371 1220 Datum
393 1155 515 1220 Romae
536 1179 577 1221 ex
599 1155 745 1221 Aedibus
765 1156 869 1221 dictae
889 1154 922 1222 S.
939 1156 1057 1242 Congr.
1074 1155 1182 1221 (11027
1198 1156 1324 1242 Aprilis
1340 1158 1435 1243 1871,

318 1328 486 1391 Fonuum
507 1329 701 1391 Iuanunurr
721 1348 766 1391 An
787 1349 831 1391 11s
851 1331 1079 1403 Punrsraunr,
1099 1330 1166 1406 Qur
1187 1329 1313 1391 Trruno
1390 1324 1399 1342 '

608 1426 777 1488 Mrssrours
799 1427 1035 1488 Onnruuu‘run.

248 1571 321 1660 Ego
343 1572 387 1639 N.
411 1572 517 1638 Filius
539 1573 584 1639 N.
607 1573 766 1638 Dioeeesis
788 1573 841 1639 vel
856 1574 1041 1641 Vimriatus
1065 1573 1109 1639 N.
1132 1572 1282 1658 spondeo,
1301 1583 1334 1638 et
1354 1574 1436 1656 iuro,

203 1676 290 1764 quod
311 1686 480 1763 postquam
502 1675 544 1742 ad
565 1676 677 1742 Sacros
697 1677 836 1742 Ordines
857 1685 1022 1763 promotus
1037 1676 1139 1760 fuero,
1154 1677 1278 1741 nullam
1293 1677 1436 1763 Religio-

204 1802 288 1863 nem,
310 1780 508 1864 Societatem,
529 1789 586 1846 aut
607 1780 894 1868 Congregatiouem
915 1780 1093 1867 regularem
1115 1781 1183 1845 sine
1203 1780 1332 1866 speciali
1345 1779 1436 1846 Sedis

204 1883 407 1970 Apostolime
428 1884 571 1967 lieentia,
600 1893 657 1950 aut
685 1883 718 1951 S.
749 1884 1013 1971 Congregationis
1041 1884 1082 1949 de
1111 1882 1324 1971 Propaganda
1353 1883 1436 1949 Fide

204 1986 375 2074 ingrediar,
391 2010 493 2074 neque
506 1988 541 2052 in
555 2011 664 2053 earum
679 1988 788 2075 aliqua
802 1988 1031 2079 professionem
1045 1989 1199 2054 emittam.

247 2090 366 2160 Voveo
382 2091 501 2177 pariter
522 2100 554 2156 et
576 2092 657 2175 iuro,
677 2092 764 2178 qnod
786 2093 821 2156 in
839 2093 899 2156 hae
918 2092 1073 2174 Dioeoesi,
1094 2101 1152 2156 aut
1166 2091 1347 2175 Vieariatu,
1362 2090 1435 2157 vel¹

202 2195 237 2259 iu
258 2193 415 2260 Missione
435 2195 487 2260 cui
510 2194 543 2262 S.
564 2195 638 2261 Sedi
658 2196 712 2262 vel
734 2195 767 2262 S.
789 2195 1037 2282 Congregationi
1059 2195 1099 2260 de
1120 2196 1332 2282 Propaganda
1354 2195 1436 2261 Fide

203 2320 255 2364 me
275 2298 434 2364 destinare
455 2299 620 2385 placuerit,
634 2307 788 2385 perpetuo
811 2300 845 2364 in
866 2299 989 2364 divinis
1010 2298 1273 2364 administrandis
1295 2298 1436 2364 laborem

203 2424 310 2467 meum
324 2425 361 2467 ac
375 2425 514 2488 operam,
528 2403 589 2467 sub
608 2404 793 2468 omnimoda
809 2402 981 2468 directione
995 2411 1028 2467 et
1045 2401 1263 2467 iurisdictione
1277 2402 1320 2468 R..
1336 2402 1375 2468 P.
1391 2402 1433 2468 D.

202 2528 262 2592 pro
280 2514 422 2592 tempore
441 2506 617 2589 Ordinarii,
633 2530 692 2593 pro
713 2508 815 2572 salute
835 2507 1016 2571 animarum
1031 2504 1224 2592 impendam,
1239 2504 1435 2592 quodetiam

202 2610 378 2696 praestabo,
399 2609 427 2674 si
448 2632 522 2674 cum
544 2611 722 2696 praedictae
746 2610 837 2676 Sedis
858 2610 1063 2696 Apostolieae
1088 2609 1214 2674 licentia
1239 2609 1434 2695 religionem,

192 2712 400 2796 Societatem,
424 2723 481 2779 aut
506 2713 793 2801 Congregationem
821 2714 1001 2801 regularem
1030 2713 1190 2800 ingressus
1219 2712 1320 2795 fuero,
1344 2720 1376 2777 et
1399 2713 1435 2777 in

201 2838 309 2905 earum
330 2817 439 2903 aliqua
459 2817 686 2904 professionem
708 2818 849 2883 emisero.

245 2919 332 2986 Item
346 2944 460 3005 voveo,
474 2930 505 2986 et
520 2921 602 3005 iuro,
617 2944 668 2987 me
681 2921 879 3008 praedictum
894 2922 1120 3005 iuramentum,
1136 2923 1250 2987 eteius
1265 2921 1433 3008 obligatio-

201 3046 274 3089 nem
304 3024 493 3111 intelligere,
516 3034 548 3090 et
576 3025 828 3092 observatumm.
873 3026 927 3091 Sic
948 3049 999 3091 me
1021 3026 1109 3091 Deus
1137 3026 1269 3091 adiuvet
1298 3035 1329 3090 et
1357 3025 1434 3090 haec

201 3126 317 3194 Sancta
331 3128 394 3194 Dei
412 3128 602 3216 Evangelia.

227 3427 366 3506 Duum
391 3430 617 3507 Pnorosrm
644 3433 681 3506 S.
709 3432 1045 3508 Coueuneamom
1072 3454 1125 3506 nn
1151 3432 1274 3506 Puor.
1301 3431 1406 3505 qu

237 3530 245 3540 ’
408 3547 536 3624 Graes
563 3548 796 3623 Onnnmros
822 3549 974 3624 Tirone
1001 3549 1226 3623 Mrssrours.

646 3715 729 3801 [Ad.
747 3739 784 3802 p.
800 3719 852 3798 34,
868 3738 899 3780 n.
917 3714 986 3802 66.]

246 3869 275 3934 1.
306 3866 348 3934 Se
361 3866 401 3933 ed
415 3867 450 3932 in
464 3868 541 3956 qual
562 3869 657 3934 modo
678 3892 842 3956 convenga
863 3869 1048 3952 dichiarare,
1063 3869 1121 3934 che
1140 3869 1151 3932 i
1171 3868 1331 3934 Sacerdoti
1347 3867 1434 3933 ordi-

200 3971 270 4036 nati
290 3993 311 4036 a
331 3971 425 4037 titolo
446 3972 482 4037 di
508 3972 663 4038 Missione
687 3972 876 4038 rendendosi
898 3972 1028 4059 indegui
1050 3973 1085 4036 di
1107 3973 1270 4037 esereitare
1295 3972 1319 4036 il
1345 3994 1433 4038 suero

201 4075 375 4159 ministero,
397 4076 585 4163 rimangono
608 4076 729 4163 privati
753 4076 839 4141 dello
863 4085 961 4141 stesso
984 4075 1088 4159 titolo,
1111 4099 1129 4141 e
1153 4076 1210 4140 che
1237 4075 1433 4141 l’Ordinario

201 4200 266 4243 non
280 4185 298 4243 e
312 4187 421 4245 tenuta
436 4203 456 4245 a
469 4180 664 4266 provvedere
678 4180 709 4245 al
726 4179 794 4245 loro
808 4187 1032 4245 sostcntament
1054 4230 1062 4246 .

244 4283 276 4349 2.
313 4282 355 4349 Se
380 4283 415 4348 in
435 4284 521 4351 vista
541 4284 593 4349 del
619 4284 733 4350 difetto
754 4284 789 4348 di
810 4282 886 4349 altri
906 4282 992 4348 titali
1014 4283 1065 4349 uei
1091 4282 1203 4370 luoglri
1226 4282 1260 4347 di
1286 4281 1434 4347 missione

200 4385 295 4451 abbia
318 4408 339 4451 a
358 4386 519 4474 demgarsi
540 4386 727 4453 all'articolo
748 4387 1015 4470 dell’Istruzione,
1037 4387 1089 4452 nel
1112 4387 1206 4474 quale
1227 4387 1252 4451 si
1276 4386 1434 4472 prescrive

235 4538 334 4591 ¹quta
349 4539 422 4593 buno
437 4541 550 4616 alterum
565 4541 674 4594 modum
689 4540 777 4594 imaro
791 4541 895 4609 debent,
907 4539 954 4608 qui
971 4541 1088 4593 nondum
1104 4539 1185 4592 alicui
1201 4538 1319 4591 missioni
1335 4535 1434 4589 addicti

201 4620 309 4675 luerint.
