3278 5318
225 503 284 570 xvi
534 522 765 572 uncnnruu
794 522 1147 570 nncoomrrcum.

225 675 438 764 empaganu
457 677 628 765 praepositi
647 679 681 743 in
700 650 900 766 gensericus
918 632 1056 744 usius
1075 678 1319 745 mulieriebus
1335 681 1387 763 17,
1403 682 1455 763 24,

225 781 279 864 27,
299 790 332 847 et
357 784 398 847 31
425 782 543 848 mensis
563 783 718 870 Augusti,
739 806 798 848 nec
821 806 887 848 non
912 783 966 848 die
991 787 1012 849 5
1037 782 1232 869 Septembris
1255 784 1333 848 anni
1360 787 1456 867 1885,

223 882 371 971 diligenti
390 884 598 973 inquisitione
609 885 764 969 adhibita,
777 894 875 972 atque
892 885 1042 951 omnibus
1055 895 1200 951 accurato
1213 886 1321 952 studio
1334 885 1456 953 debita·

223 1009 287 1075 que
293 987 411 1074 judicii
424 988 609 1055 maturitate
620 989 771 1076 pensatis,
782 989 918 1055 Decreta
929 988 1071 1075 ejusdem
1085 989 1224 1056 Concilii
1237 990 1457 1077 expenderunt

223 1103 264 1176 et,
275 1089 438 1156 nonnullis
453 1089 726 1154 emendationibus
741 1112 777 1154 ac
792 1090 1078 1156 modificationibus
1092 1090 1231 1176 adjectis,
1243 1091 1351 1155 eadem
1367 1102 1404 1156 ut
1414 1092 1456 1157 ab

223 1194 373 1267 omuibus
386 1192 427 1258 ad
442 1215 522 1279 quos
536 1200 656 1278 spectet
670 1192 900 1258 inviolabiliter
913 1193 1122 1259 observentur
1136 1204 1396 1279 recognoverunt.

268 1293 366 1360 Hunc
378 1302 486 1359 eutem
504 1292 539 1359 S.
554 1292 819 1380 Congregationis
834 1292 1023 1358 sententiam
1041 1290 1176 1357 Summo
1190 1290 1340 1356 Pontifici
1354 1290 1457 1356 Leoni

225 1397 337 1465 XIII.
362 1420 384 1464 a
408 1396 451 1464 R.
474 1397 515 1463 P.
536 1395 581 1463 D.
603 1395 776 1462 Dominioo
801 1394 946 1461 Inoobini
970 1394 1112 1481 ejusdem
1136 1393 1171 1461 S.
1194 1394 1458 1483 Congregationis

225 1499 399 1568 secretario
420 1501 456 1565 in
477 1500 655 1566 Audientio
673 1499 739 1565 diei
759 1502 802 1566 10
820 1498 1015 1586 Septembris
1037 1500 1124 1564 1885
1144 1498 1287 1583 relatam,
1301 1499 1459 1566 Sanctitas

225 1604 292 1671 Sua
311 1604 450 1692 benigne
466 1604 644 1691 approbare
662 1603 794 1692 dignata
814 1612 870 1687 est,
885 1609 917 1668 et
935 1625 1030 1690 super
1048 1601 1101 1667 his
1118 1624 1265 1689 praesens
1286 1601 1458 1669 Decretum

226 1707 589 1878 expDStlirimmllbininveltex
609 1812 754 1878 Aedibus
772 1810 884 1877 Sucme
903 1810 1167 1898 Congregationis
1186 1810 1227 1876 de
1247 1811 1460 1899 Propagendn

227 1915 320 1996 Fide,
334 1915 388 1982 die
402 1916 443 1981 21
459 1913 663 2002 Septembris,
678 1916 778 1980 Anno
793 1919 887 1981 1885.

735 2067 896 2133 Iosuuns
917 2067 1031 2133 Csun.
1052 2065 1204 2177 Sumom
1226 2067 1413 2152 Praefectus.

259 2221 294 2290 Β
304 2221 339 2277 Ι).
354 2222 500 2277 Ancmu
514 2220 627 2275 Tum
642 2220 729 2276 &aas
