3264 5332
197 520 234 585 lll
327 537 568 585 CONCILIUM
592 533 852 581 PLENARIUM
875 499 1209 583 BALTIMORENSE
1232 535 1304 582 111.

197 705 309 760 natum
324 704 398 759 ante
412 693 519 758 omnia
533 692 667 757 saecula.
713 690 819 756 Deum
835 689 875 755 de
895 690 975 774 Deo,
991 689 1098 756 lumen
1114 691 1154 756 de
1176 691 1308 775 lumine,
1324 692 1433 758 Deum

198 822 310 864 verum
325 799 364 862 dc
380 797 451 862 Deo
466 819 552 862 vere.
598 795 764 876 Geniturn,
779 817 844 859 non
862 793 994 877 factum,
1009 795 1308 860 consubstantialem
1330 795 1433 879 Patri,

197 924 372 988 perquem
394 900 502 966 omnia
528 900 611 964 facta
633 907 718 964 suut.
764 897 831 978 Qui
856 907 986 985 propter
1009 921 1068 962 nos
1086 897 1232 963 homines
1251 909 1282 963 et
1304 909 1435 986 propter

198 1015 336 1070 nostram
361 1004 494 1069 aalutem
517 1003 679 1068 descendit
699 1001 740 1067 de
761 1001 864 1067 coelis.
911 1001 956 1066 Et
977 992 1158 1067 incarnatus
1180 1012 1227 1067 ost
1246 1003 1287 1069 de
1309 1003 1434 1089 Spiritu

197 1121 304 1174 sancto
319 1132 359 1174 ex
379 1108 485 1173 Maria
499 1106 639 1193 Virgine
653 1116 685 1171 et
707 1106 804 1171 homo
826 1105 928 1170 factus
950 1115 1005 1171 est.
1052 1105 1235 1172 Crucifixus
1256 1107 1350 1172 etiam
1374 1129 1434 1194 pro

198 1213 290 1277 nobis
303 1213 364 1277 sub
380 1212 498 1276 Pontio
514 1211 620 1275 Pilato
635 1233 746 1296 passus
760 1218 793 1275 et
810 1209 956 1295 sepultus
978 1219 1034 1275 est.
1080 1209 1125 1274 Et
1146 1212 1319 1275 resurrexit
1339 1212 1435 1276 tertia

198 1316 250 1381 die
263 1316 438 1380 secundum
453 1314 642 1401 Scripturas
689 1313 734 1377 Et
748 1308 889 1378 ascendit
907 1312 941 1376 in
957 1313 1091 1396 coelum,
1105 1313 1193 1378 sedet
1206 1314 1247 1379 ad
1269 1313 1434 1381 dexteram

198 1419 314 1485 Patris.
360 1419 406 1484 Et
426 1419 542 1484 iterum
557 1430 713 1483 venturus
733 1425 781 1481 est
801 1439 874 1481 eum
896 1417 1000 1503 gloria
1014 1416 1159 1504 judicare
1179 1419 1274 1485 vivos
1295 1428 1327 1483 ct
1347 1441 1435 1485 mor-

197 1533 291 1606 tuos;
314 1525 404 1608 cujus
419 1522 510 1608 regni
526 1544 590 1586 non
605 1522 666 1585 erit
681 1521 764 1586 linia.
810 1521 855 1584 Et
870 1519 904 1584 in
919 1519 1076 1607 Spiritum
1092 1531 1236 1586 sanctum
1252 1521 1434 1589 Dominum

198 1637 230 1693 et
243 1628 473 1708 vivificantem,
488 1624 544 1712 qni
560 1648 600 1689 ex
616 1625 712 1689 Patre
727 1624 877 1710 Filioque
899 1623 1051 1710 procedit.
1097 1625 1166 1705 Qui
1188 1648 1262 1691 cum
1284 1625 1381 1691 Patre
1401 1636 1434 1694 et

199 1730 288 1796 Filio
302 1729 400 1794 simul
415 1730 565 1793 adoratur
576 1738 608 1793 ct
618 1727 873 1815 conglorificatur
881 1753 890 1810 ;
910 1728 967 1813 qui
981 1727 1106 1793 locutus
1119 1738 1166 1794 eat
1180 1752 1237 1816 per
1251 1730 1432 1816 prophetas.

200 1834 246 1899 Et
260 1856 359 1898 uuam
373 1833 522 1897 Sanctam
538 1832 738 1898 Catholicam
753 1840 785 1896 et
798 1831 1019 1917 Apostolicam
1040 1832 1225 1899 Ecclesiam.
1271 1834 1433 1900 Confiteor
1486 1829 1488 1839 ’

198 1960 301 2003 unum
323 1936 482 2022 baptisma
504 1936 537 1999 in
564 1935 779 2000 remissionem
803 1946 1014 2021 peccatorum.
1059 1935 1106 2001 Et
1127 1946 1258 2022 expecto
1278 1959 1433 2003 resurree-

198 2040 317 2107 tionem
334 2048 534 2104 mortuorum
550 2048 581 2103 et
595 2039 698 2106 vitam
713 2040 840 2103 venturi
855 2038 981 2105 saeculi.
1026 2039 1144 2106 Amen.

243 2143 466 2231 “Apostolicas
494 2151 526 2207 et
563 2141 795 2207 Ecclesiactieas
831 2142 1027 2225 traditiones,
1057 2142 1258 2231 reliquasque
1290 2145 1432 2232 ejusdem

199 2248 358 2314 Ecclesiae
397 2247 630 2312 observationes
670 2255 702 2310 et
741 2247 981 2311 constitutiones
1021 2248 1202 2313 firmissime
1237 2249 1372 2315 admitto
1400 2260 1433 2315 et

198 2352 381 2438 amplector.
441 2350 525 2415 Item
555 2351 684 2415 Sacram
713 2350 910 2435 Scripturam
943 2353 1040 2438 juxta
1068 2374 1140 2416 eum
1169 2374 1307 2435 sensum,
1336 2376 1433 2440 quem

197 2456 301 2520 tenuit
326 2463 358 2519 et
376 2463 463 2520 tenet
487 2463 595 2518 sancta
620 2453 727 2517 Mater
757 2452 907 2536 Ecclesia,
929 2455 1019 2540 cujus
1048 2463 1095 2519 ast
1117 2456 1262 2542 judicare
1286 2456 1327 2522 de
1356 2480 1433 2524 vero

198 2582 292 2624 sensu
314 2569 346 2623 et
367 2559 626 2644 interpretatione
647 2580 807 2621 morarum
837 2557 1085 2643 Scripturarum,
1107 2559 1244 2625 admitto
1251 2586 1262 2643 ;
1284 2583 1342 2626 nec
1363 2583 1433 2627 eam

199 2685 340 2748 unquam
355 2662 419 2726 nisi
435 2663 532 2746 juxta
546 2660 731 2725 unanimem
745 2683 933 2724 consensum
948 2661 1083 2726 Patrum
1105 2662 1256 2749 accipiam
1278 2673 1311 2729 et
1332 2664 1433 2730 inter-

198 2766 356 2853 pretabor.

243 2870 430 2934 “Profiteor
446 2891 573 2955 quoque
594 2877 714 2954 septem
736 2891 802 2933 esse
816 2891 891 2934 vere
904 2877 935 2933 et
956 2870 1084 2956 proprie
1105 2870 1308 2937 Sacramenta
1329 2895 1434 2940 novae

198 2972 278 3060 legis
307 2996 326 3038 a
352 2972 430 3038 Jesu
460 2973 589 3039 Christo
619 2971 761 3036 Domino
791 2983 899 3038 nostro
925 2973 1081 3056 instituta,
1106 2983 1201 3061 atque
1225 2975 1267 3041 ad
1296 2975 1432 3044 salutem

198 3076 330 3141 humani
360 3077 484 3163 generis
513 3076 586 3141 licet
610 3098 675 3139 non
701 3077 810 3140 omnia
834 3076 971 3163 singulis
995 3078 1176 3162 necessaria,
1201 3078 1320 3144 scilicet
1344 3079 1433 3168 Bap-

198 3181 341 3264 tismum,
368 3179 663 3261 Confirmatiouem,
690 3179 936 3262 Eucharistiam,
968 3179 1211 3264 Paenitentiam,
1242 3182 1432 3251 Extremam

199 3283 404 3365 Unctionem,
434 3282 601 3365 Ordinem,
624 3292 657 3347 et
685 3282 932 3347 Matrimonium
943 3308 953 3366 3
976 3282 1096 3370 illaque
1118 3287 1256 3371 gratiam
1279 3288 1431 3372 conferre,

198 3395 230 3454 et
251 3411 292 3452 cx
315 3387 367 3451 his
390 3387 604 3473 Baptismum,
630 3385 922 3470 Confirmationem,
944 3396 976 3452 et
1000 3386 1157 3454 Ordinem
1176 3391 1245 3455 sine
1267 3390 1431 3479 sacrilegio

197 3491 340 3556 reiterari
354 3514 419 3555 non
434 3513 533 3576 posse.
579 3490 734 3575 Receptos
746 3512 873 3577 quoque
887 3499 919 3555 et
932 3491 1123 3577 approbatos
1137 3493 1297 3560 Ecclesiae
1311 3495 1431 3562 Catho-

198 3593 276 3660 licae
287 3596 369 3659 ritus
384 3595 418 3658 in
433 3593 688 3679 supradictorum
702 3594 847 3658 omnium
862 3605 1129 3661 sacramentorum
1143 3597 1279 3664 solemni
1292 3598 1431 3666 admini-

198 3700 349 3764 stratione
374 3697 492 3783 recipio
517 3707 549 3762 et
573 3696 717 3762 admitto.
770 3695 892 3763 Omnia
919 3707 952 3762 et
980 3699 1107 3786 singula
1131 3722 1213 3786 quae
1240 3701 1281 3767 de
1303 3712 1430 3789 peccato

198 3801 346 3888 originali
360 3811 392 3866 et
406 3801 446 3866 de
454 3801 680 3887 justificatione
694 3801 729 3864 in
744 3810 939 3865 sacrosancta
953 3801 1142 3868 Tridentina
1155 3804 1285 3890 Synodo
1299 3805 1431 3872 definita

197 3915 229 3971 et
242 3905 400 3970 declarata
411 3904 552 3988 fuerunt,
561 3904 734 3990 amplector
747 3913 780 3969 et
793 3905 921 3991 recipio.
966 3905 1124 3971 Profiteor
1137 3909 1264 3994 pariter,
1277 3908 1312 3973 in
1327 3909 1430 3977 Missa
1479 3918 1482 3923 ’

197 4009 304 4074 offerri
319 4008 389 4073 Deo
410 4031 533 4090 verum,
548 4009 716 4094 proprium
730 4016 761 4072 et
778 4009 1037 4094 propitiatorium
1057 4011 1246 4076 sacrificium
1267 4035 1328 4099 pro
1341 4014 1430 4080 vivis

197 4122 228 4179 et
241 4111 401 4178 defunctis
414 4136 423 4194 3
442 4121 538 4198 atque
552 4111 587 4175 in
600 4111 800 4176 sanctissimo
815 4110 1034 4177 Eucharistiae
1047 4112 1250 4181 Sacramento
1264 4139 1330 4182 esse
1343 4139 1429 4202 vere,

197 4217 322 4283 realiter
336 4222 368 4281 et
388 4214 638 4280 substantialiter
652 4214 778 4300 Corpus
799 4222 831 4279 et
851 4214 1056 4301 Sanguinem,
1071 4239 1137 4282 una
1158 4241 1232 4283 cum
1253 4219 1377 4287 Anima
1397 4229 1430 4288 et

198 4320 379 4387 Divinitate
398 4318 533 4384 Domini
554 4317 656 4382 nostri
670 4317 748 4382 Joeu
771 4318 903 4402 Christi,
918 4320 1050 4405 fierique
1070 4323 1309 4389 conversionem
1330 4324 1429 4390 totius

196 4424 391 4490 substantiae
404 4422 497 4510 panis
511 4421 547 4486 in
562 4421 698 4508 Corpus,
713 4431 746 4486 et
757 4422 857 4487 totius
871 4422 1066 4489 substantiae
1079 4425 1151 4490 vini
1166 4427 1201 4490 in
1222 4427 1427 4514 Sanguinem,

196 4550 292 4614 quam
301 4527 538 4608 conversionem
547 4524 712 4591 Catholica
721 4525 862 4590 Ecclesia
871 4526 1269 4595 Trans-substantationem
1277 4532 1427 4618 appellat.

197 4630 315 4696 Fateor
328 4631 425 4696 etiam
439 4629 500 4695 sub
514 4629 614 4695 altera
634 4634 761 4693 tantum
775 4628 877 4715 specie
890 4637 995 4694 totum
1016 4641 1112 4719 atque
1133 4633 1294 4721 integrum
1316 4634 1427 4702 Chris·
