3278 5318
412 493 467 539 ns
495 493 787 541 coumsslons
816 493 1221 541 ruvssmcamours.
1369 477 1433 542 297

200 650 329 716 rectoris
350 649 518 716 definitiva
537 650 711 717 remotione
732 674 752 716 a
773 673 903 717 munere
924 651 959 715 in
981 672 1116 737 poenam
1136 648 1244 714 delicti
1261 648 1434 736 infligenda

201 763 323 842 agatur,
335 753 370 817 id
382 740 533 841 Episcopi
546 755 723 820 executioni
735 753 974 837 nonmandent,
986 754 1049 818 nisi
1059 752 1169 819 audito
1180 753 1272 840 prius
1280 752 1432 818 Consilio.

244 876 285 925 11.
316 857 441 923 Electio
465 857 720 923 consiliariorum
748 857 894 923 facienda
913 866 962 923 est
983 857 1018 920 in
1039 856 1163 943 synodo
1187 855 1230 921 ad
1255 855 1357 920 instar
1379 855 1435 921 de·

201 961 387 1049 putationis,
401 985 458 1027 seu
478 961 629 1026 canoniea
649 962 811 1027 electionis
833 960 983 1026 Indicum
1006 959 1229 1046 synodalium,
1250 959 1309 1048 qui
1330 982 1436 1025 nona

202 1064 295 1148 clero,
310 1064 365 1130 sed
386 1065 428 1130 ab
450 1065 609 1152 Episcopo
630 1066 804 1152 eliguntur,
819 1065 929 1130 audito
951 1063 1081 1152 quidem
1102 1064 1236 1129 consilio
1249 1064 1435 1128 clericorum

171 1186 178 1203 ·’
203 1168 237 1233 in
259 1169 392 1255 synodo,
415 1170 468 1233 etri
488 1192 526 1234 ca
546 1169 649 1234 cauria
668 1169 730 1233 etta·
752 1169 833 1233 notia
855 1169 936 1233 illud
963 1167 1103 1253 amplecti
1125 1174 1235 1253 posteo
1258 1167 1438 1253 Episcopus

202 1273 341 1356 celnod,
356 1282 393 1337 ut
406 1273 486 1338 bene
500 1273 648 1340 observat
662 1272 854 1338 Benedictus
865 1271 973 1340 XIV.
988 1271 1039 1335 De
1052 1270 1128 1355 Syn.
1140 1271 1246 1336 Dioec.
1262 1271 1282 1336 l.
1298 1289 1349 1336 1v.
1361 1293 1388 1335 c.
1405 1272 1435 1336 5.

202 1398 235 1442 a.
251 1379 281 1443 5.
326 1375 417 1441 Hinc
437 1378 592 1442 absonum
613 1386 661 1442 est
681 1385 719 1443 ut
740 1378 776 1441 in
796 1399 880 1459 casu,
895 1375 936 1440 de
949 1397 1014 1462 quo
1031 1373 1099 1460 agit
1121 1373 1306 1457 Instructio,
1321 1372 1438 1438 horum

202 1480 458 1546 consiliariorum
471 1480 582 1546 electio
596 1481 637 1546 ad
652 1482 772 1546 clerum
790 1481 957 1568 pertineat.

247 1583 354 1649 Extra
373 1584 534 1671 synodum
555 1585 666 1650 electio
682 1583 827 1650 absolute
840 1576 882 1649 ad
897 1582 1095 1670 Episcopum
1110 1581 1257 1669 pertinet,
1272 1604 1368 1669 quem
1382 1581 1438 1647 de·

204 1697 263 1772 cet,
277 1696 316 1753 ut
329 1697 443 1753 votum
459 1689 569 1753 audiat
585 1689 782 1774 reliquorum
797 1686 1053 1753 consiliariorum
1068 1685 1102 1750 in
1117 1709 1191 1751 casu
1205 1685 1438 1772 subrogationis

204 1791 340 1857 alicuius
354 1792 410 1878 qui
424 1792 583 1876 defecerit,
598 1800 696 1879 prout
718 1791 898 1878 Episcopus
912 1790 947 1855 in
962 1813 1036 1854 (asu
1050 1790 1225 1854 deficientis
1240 1787 1363 1854 Iudicis
1376 1789 1438 1876 Sy-

205 1894 330 1962 nodalis
351 1895 445 1961 debet
465 1897 621 1981 eapet'irere
639 1896 776 1982 Capituli
789 1895 958 1977 consilinm,
973 1893 1026 1958 aed
1046 1894 1126 1958 illud
1138 1893 1224 1978 eeqni
1236 1915 1301 1956 non
1314 1898 1437 1958 tenetur.

247 2017 303 2067 111.
333 1999 462 2069 Votum
476 2022 496 2064 a
511 1999 655 2065 Consilio
668 1998 780 2064 datum
795 2008 844 2064 est
857 2021 981 2083 semper
994 1997 1222 2079 consultivum,
1237 2007 1270 2061 et
1284 1995 1439 2061 sententia

204 2103 372 2169 definitiva
394 2104 553 2190 Episcopo
574 2110 623 2168 est
642 2113 800 2167 reservata
811 2128 820 2185 ;
841 2100 971 2188 qnando
991 2101 1237 2166 enimcauones
1250 2099 1364 2165 dieunt
1379 2099 1439 2164 ali·

205 2207 285 2295 quid
304 2208 347 2274 ab
369 2207 530 2294 Episcopo
551 2207 591 2272 de
611 2206 744 2292 capituli
765 2206 818 2272 vel
840 2205 918 2271 cleri
938 2204 1072 2270 consilio
1092 2203 1253 2291 agendum
1275 2225 1351 2286 esse,
1373 2226 1440 2268 non

206 2321 370 2399 propterea
406 2313 620 2376 necessitatem
649 2311 711 2397 ipsi
742 2310 903 2397 Episcopo
939 2309 1098 2373 inducunt
1133 2306 1217 2371 illud
1245 2307 1347 2392 sequi,
1377 2307 1440 2371 nisi

206 2438 350 2503 expresse
378 2414 413 2481 id
441 2424 571 2481 cautum
592 2416 643 2481 sit.
689 2414 780 2479 Hinc
807 2423 890 2479 reete
917 2413 1036 2478 dicitur
1065 2413 1099 2477 in
1130 2411 1356 2494 Instructione,
1381 2410 1441 2476 hos

206 2519 403 2585 consiliarios
424 2520 578 2606 Episcopo
598 2520 635 2583 io
655 2520 759 2583 ceasia
771 2518 951 2605 definienda
964 2517 1117 2580 aemilium
1132 2514 1291 2601 praedae,
1307 2514 1440 2578 minime

206 2646 283 2689 vero
310 2624 396 2710 ipsos
424 2622 576 2689 decidere.
620 2623 684 2689 Sed
712 2622 930 2708 inquisitionis
957 2629 1036 2703 acta,
1059 2627 1092 2683 et
1120 2618 1230 2705 opinio
1259 2616 1393 2705 pandita
1421 2639 1441 2682 a

205 2727 395 2793 consiliariis
408 2736 456 2792 est
469 2749 593 2813 semper
607 2726 773 2792 inserenda
789 2725 959 2813 processui.

250 2831 305 2898 Ex
319 2832 438 2919 quibus
451 2840 538 2918 patet
551 2830 689 2896 officium
705 2830 959 2898 consiliariorum
973 2827 1123 2893 iudiciale
1133 2826 1264 2915 quidem
1275 2849 1351 2910 esse,
1366 2848 1439 2891 cum

207 2935 372 3001 instructio
393 2936 437 3000 sit
457 2935 571 3000 iisdem
592 2934 766 3017 commiss,
781 2957 819 2999 ac
834 2941 988 3018 tanquam
1005 2930 1193 2996 Adsessores
1208 2930 1370 3015 Episcopo
1383 2929 1440 2994 ad·

206 3040 338 3105 sistant:
355 3040 410 3104 sed
421 3048 508 3125 patet
518 3039 614 3103 etiam
625 3037 784 3103 iudicialis
798 3046 829 3102 et
844 3035 1028 3100 definitivae
1042 3034 1215 3098 sententiae
1229 3032 1440 3119 prolationem

208 3142 367 3229 Episcopo
381 3166 447 3208 esse
460 3143 553 3208 unite
566 3151 768 3208 reservatam.

249 3265 300 3313 Iv.
324 3247 387 3312 Per
398 3247 648 3311 Instructioncm
662 3245 787 3311 sublata
801 3268 865 3310 non
877 3253 922 3310 est
936 3242 1104 3329 Episcopis
1115 3239 1365 3306 extraordinaria
1377 3238 1440 3303 fac·

207 3350 290 3417 ultas
304 3349 493 3438 procedendi
509 3349 551 3415 ad
568 3350 804 3436 suspensionem
821 3371 862 3414 cx
880 3347 1051 3412 informata
1069 3344 1268 3425 conscientia,
1283 3352 1440 3429 quatenus

206 3455 410 3542 gravissimas
430 3464 463 3519 et
483 3454 649 3519 canonicas
669 3475 778 3518 causas
799 3472 983 3517 concurrere
1004 3449 1040 3513 in
1061 3447 1203 3512 Domino
1217 3445 1440 3528 iudicaverint,

207 3568 264 3625 aut
287 3559 381 3647 gravi
406 3568 438 3623 et
462 3566 595 3646 urgente
619 3557 802 3622 necessitate
826 3578 886 3643 pro
910 3554 1013 3619 salute
1036 3551 1227 3633 annnorum,
1253 3548 1350 3614 etiam
1374 3569 1439 3613 non

208 3663 317 3729 audito
330 3662 473 3746 consilia,
488 3663 628 3728 remedio
642 3661 750 3747 aliquo
764 3656 1000 3747 providendum
1014 3678 1080 3721 esse
1094 3654 1281 3719 censuerint.

139 3852 142 3857 .
252 3767 408 3833 Liberum
429 3767 545 3853 cuique
564 3765 677 3830 rectori
698 3772 747 3829 est
766 3764 867 3830 alium
888 3761 1080 3828 sacerdotem
1094 3757 1136 3824 ab
1150 3756 1311 3845 Episcopo
1325 3778 1441 3842 appro-
1500 3776 1506 3781 ·

194 3869 351 3937 ·bandum
365 3892 471 3935 seeum
485 3870 602 3936 habere
615 3890 721 3934 coram
735 3866 880 3934 Consilio
893 3866 962 3931 sive
975 3863 1017 3929 ad
1031 3861 1208 3947 simplicem
1222 3859 1441 3924 adsistentium

209 3976 278 4041 sive
291 3973 333 4040 ad
347 3996 420 4040 suas
433 3972 723 4039 animadversiones
736 3979 793 4036 aut
806 3969 1020 4035 defensionem
1034 3963 1257 4030 exhibendam.

718 4123 824 4190 Icar.
839 4122 952 4188 Caso.
969 4119 1132 4201 Smsom,
1148 4115 1180 4183 S.
1197 4116 1236 4183 O.
1251 4115 1441 4201 Praefectus.

211 4264 235 4319 Ι.
252 4265 284 4318 Β.
301 4266 438 4332 Aeaeam,
449 4263 536 4318 Socra
1134 4231 1140 4247 ’
