3264 5332
207 496 279 561 lviii
353 511 593 560 corrormuu
624 510 887 557 rasurarum
917 512 1254 559 sanaruonnuss
1284 513 1353 559 111.

207 673 228 708 “
238 670 320 736 Eme
334 692 432 757 quam
446 667 568 734 bonum
583 677 614 733 et
632 690 729 754 quam
747 666 928 753 jucundum
951 667 1094 733 habitare
1115 668 1229 734 fratres
1251 670 1286 733 in
1307 666 1441 734 unum.’'

206 773 308 839 Modo
318 768 547 860 separabimur,
562 771 658 836 multi
673 770 803 858 quidem
818 771 853 835 in
867 771 925 835 tali
940 782 1032 836 coetu
1046 771 1208 837 conciliari
1224 795 1288 838 non
1303 772 1443 859 amplius

205 876 404 943 conventuri.
449 876 498 941 At
512 875 548 940 in
562 898 619 961 spe
639 874 726 941 vitae
746 874 876 940 futurae
896 883 929 939 et
950 874 1201 942 immortalitatis
1221 885 1348 942 nostrae
1366 898 1443 940 oon-

205 980 334 1045 fidimus
355 981 490 1066 speeiem
512 989 544 1044 et
568 977 815 1065 amplitudinem
836 987 869 1043 et
889 977 1091 1064 splendorem
1112 978 1260 1045 hodierni
1281 1001 1444 1045 oonsessus

205 1084 377 1170 imaginem
404 1106 471 1149 esse
499 1075 642 1148 eo'elestis
670 1081 761 1147 illius
786 1081 914 1147 aoncilii
940 1082 975 1146 in
999 1104 1064 1168 quo
1086 1092 1120 1148 et
1142 1106 1201 1148 nos
1228 1081 1443 1170 congregandi

204 1189 332 1270 erimus,
347 1188 388 1253 de
409 1210 474 1273 quo
496 1187 530 1254 S.
546 1187 569 1252 J
571 1209 688 1252 oannes
708 1187 773 1251 ait:
796 1186 910 1251 “Post
934 1186 1012 1251 haeo
1032 1186 1104 1252 vidi
1126 1187 1256 1252 turbam
1282 1209 1441 1273 magnam,

204 1314 302 1377 quam
317 1292 520 1356 dinumerare
534 1313 628 1355 nemo
642 1299 777 1377 poterat,
791 1312 833 1355 ex
847 1290 996 1355 omnibus
1016 1290 1171 1376 gentibus¹
1186 1300 1219 1355 et
1240 1290 1389 1356 tribubus
1409 1297 1442 1355 et
1480 1324 1486 1337 ·

204 1395 333 1481 populis
347 1404 380 1459 et
400 1395 531 1481 linguis,
545 1403 664 1459 stantes
677 1403 752 1458 ante
765 1393 919 1458 thronum
932 1402 963 1458 et
978 1392 1014 1458 in
1027 1403 1196 1480 conspectu
1218 1393 1318 1480 Agni,
1332 1393 1441 1459 amiati

204 1499 295 1563 stolis
309 1499 391 1563 albis
405 1507 436 1563 et
450 1498 577 1584 palmae
591 1496 626 1561 in
642 1498 789 1561 manibus
803 1494 946 1562 eorum.''
990 1495 1107 1585 (Apoo.
1122 1515 1189 1563 vn.
1206 1495 1250 1585 9.)

248 1603 385 1668 Cantato
405 1600 480 1666 dein
501 1599 624 1687 hymno
648 1601 689 1664 Te
710 1600 822 1683 Deum,
837 1609 870 1665 et
890 1598 1053 1685 impertita
1073 1599 1291 1667 benedictione
1314 1601 1440 1687 Papali,

204 1727 314 1770 omnes
328 1706 524 1792 prooessione
536 1703 682 1787 solemni,
696 1712 735 1768 ut
749 1703 781 1767 in
806 1704 912 1789 prima
932 1705 1078 1787 sessione,
1093 1702 1135 1769 ad
1156 1705 1247 1769 aedes
1268 1705 1441 1791 archiepis-

204 1809 328 1895 oopales
343 1815 546 1874 recesserunt.
804 1818 806 1822 ’

248 1913 359 1998 Atque
387 1911 432 1977 ita
459 1910 641 1976 ahsolutum
678 1911 743 1975 fuit
773 1911 954 1976 Concilium
992 1911 1178 1976 Pleuarium
1208 1912 1440 1979 Bultimorense

205 2015 363 2081 Tertium.

248 2359 340 2424 Picta
361 2358 394 2425 S.
418 2358 593 2442 Pontiheis,
617 2359 735 2423 Leonis
757 2357 880 2441 XIII,
901 2355 1032 2445 effigies,
1053 2381 1152 2446 quam
1181 2360 1438 2448 Archiepisoopis

203 2460 352 2528 Statuum
382 2461 630 2527 Foederatorum
651 2483 736 2526 anno
757 2461 912 2546 superiori
934 2461 1056 2527 Romae
1084 2464 1281 2550 oongregatis
1304 2464 1439 2551 benigne

203 2565 386 2649 donaverat,
401 2566 437 2630 in
450 2565 525 2631 aula
546 2564 659 2650 majori
681 2564 850 2630 Seminarii
864 2563 898 2630 S.
914 2563 1048 2649 Mariae,
1064 2565 1120 2630 ubi
1135 2568 1280 2652 privatae
1302 2568 1437 2635 Patrum

203 2670 459 2755 oongregationes
479 2669 515 2732 in
536 2668 607 2754 ipso
626 2669 775 2755 imaginis
789 2667 878 2732 illius
892 2679 1060 2754 conspeetu
1074 2669 1201 2734 habitae
1214 2680 1314 2755 erant,
1329 2671 1439 2738 reliota

202 2781 250 2838 est
270 2771 312 2837 ad
333 2784 517 2858 perpetuam
538 2772 585 2836 rei
606 2772 793 2837 memoriam
814 2779 846 2836 et
867 2770 903 2835 in
923 2772 1174 2839 testitimtionem
1196 2775 1279 2861 grati
1302 2775 1439 2843 Patrum

202 2877 302 2941 animi
316 2899 391 2962 erga
403 2875 578 2941 saoenlotes
592 2874 625 2942 S.
640 2874 784 2962 Sulpitii.

152 2998 155 3003 ·
247 2981 400 3067 Aequum
421 2979 517 3066 plane
539 2979 670 3046 videtur
694 2977 756 3044 hoo
780 2979 850 3046 loeo
875 2981 1057 3046 meminisse
1085 2991 1205 3068 quanta
1230 2982 1438 3070 humanitate,

202 3083 398 3171 benignitate
418 3095 514 3170 atque
535 3081 751 3169 hospitalitate
764 3085 850 3150 cives
864 3084 953 3149 urbis
971 3084 1175 3169 Baltimorae,
1190 3087 1286 3151 etiam
1300 3089 1357 3174 qui
1372 3112 1438 3154 non

201 3196 278 3252 sunt
297 3186 461 3252 domestici
484 3187 568 3270 fidei,
584 3188 696 3251 Patres
718 3188 855 3254 Consilii
877 3187 1079 3275 reliquosque
1100 3190 1277 3275 synodales,
1299 3215 1438 3277 quorum

202 3314 266 3356 non
286 3292 423 3378 exiguus
444 3291 510 3356 fuit
530 3314 691 3373 numerus,
707 3284 864 3377 prosecuti
885 3293 960 3358 sint.
1004 3292 1074 3358 Neo
1087 3301 1213 3358 tantum
1229 3296 1292 3361 viri
1307 3297 1437 3382 privati,

202 3417 316 3461 verum
337 3395 434 3459 etiam
456 3394 657 3459 auctoritates
678 3394 790 3460 civiles
810 3395 938 3482 publice
959 3396 1162 3481 synodalium
1182 3407 1307 3463 ooetum
1329 3399 1438 3465 diver-

201 3498 323 3564 simode
337 3499 458 3563 honore
477 3497 667 3564 habueruut.
712 3498 846 3564 Summa
860 3521 987 3586 quoque
1001 3499 1182 3566 urbanitate
1195 3502 1241 3566 rei
1255 3502 1438 3569 tabellariae

201 3601 347 3688 publime
368 3600 543 3688 praefectus
564 3611 633 3667 toto
655 3602 792 3667 Consilii
812 3612 954 3688 tempore
976 3626 1078 3668 unum
1100 3627 1141 3669 ex
1163 3602 1349 3670 officialibus
1370 3608 1437 3672 suis

201 3694 329 3792 speciali
344 3705 547 3791 synodalium
562 3706 635 3770 usui
650 3728 687 3771 ao
700 3706 866 3772 oommodo
880 3706 1050 3793 delegavit.

245 3810 374 3889 Quibus
383 3808 530 3873 omnibus
539 3808 711 3895 Delegatus
722 3810 934 3896 Apostolieus,
944 3821 1069 3896 peraeto
1078 3812 1232 3895 Concilio,
1241 3813 1436 3899 gratissimos

201 3912 404 4000 synodalium
416 3913 539 3977 animos
554 3922 685 3977 testatus
700 3924 755 3979 est.
