<?xml version="1.0" encoding="UTF-8"?>
<!DOCTYPE html PUBLIC "-//W3C//DTD XHTML 1.0 Transitional//EN"
    "http://www.w3.org/TR/xhtml1/DTD/xhtml1-transitional.dtd">
<html xmlns="http://www.w3.org/1999/xhtml" xml:lang="en" lang="en">
 <head>
  <title>
</title>
<meta http-equiv="Content-Type" content="text/html;charset=utf-8" />
  <meta name='ocr-system' content='tesseract 3.04.00' />
  <meta name='ocr-capabilities' content='ocr_page ocr_carea ocr_par ocr_line ocrx_word'/>
</head>
<body>
  <div class='ocr_page' id='page_1' title='image "./actaetdecretaco01gibbgoog_0409.png"; bbox 0 0 3278 5318; ppageno 0'>
   <div class='ocr_carea' id='block_1_1' title="bbox 697 480 941 529">
    <p class='ocr_par' dir='ltr' id='par_1_1' title="bbox 697 480 941 529">
     <span class='ocr_line' id='line_1_1' title="bbox 697 480 941 529; baseline 0.004 -1"><span class='ocrx_word' id='word_1_1' title='bbox 697 480 941 529; x_wconf 79' lang='lat' dir='ltr'>APPENDIX.</span> 
     </span>
    </p>
   </div>
   <div class='ocr_carea' id='block_1_2' title="bbox 215 785 1419 981">
    <p class='ocr_par' dir='ltr' id='par_1_2' title="bbox 215 785 1419 981">
     <span class='ocr_line' id='line_1_2' title="bbox 215 785 1419 866; baseline -0.003 0"><span class='ocrx_word' id='word_1_2' title='bbox 215 791 457 866; x_wconf 82' lang='lat' dir='ltr'><strong>Insraucmo</strong></span> <span class='ocrx_word' id='word_1_3' title='bbox 482 791 520 866; x_wconf 81' lang='lat' dir='ltr'><strong>S.</strong></span> <span class='ocrx_word' id='word_1_4' title='bbox 545 789 902 864; x_wconf 76' lang='lat' dir='ltr'><strong>Oenoancsnonrs</strong></span> <span class='ocrx_word' id='word_1_5' title='bbox 927 809 982 862; x_wconf 81' lang='lat' dir='ltr'><strong>nn</strong></span> <span class='ocrx_word' id='word_1_6' title='bbox 1007 785 1131 863; x_wconf 79' lang='lat' dir='ltr'><strong>Pace.</strong></span> <span class='ocrx_word' id='word_1_7' title='bbox 1156 787 1262 861; x_wconf 81' lang='lat' dir='ltr'><strong>Fran</strong></span> <span class='ocrx_word' id='word_1_8' title='bbox 1287 808 1419 862; x_wconf 77' lang='lat' dir='ltr'><strong>suras</strong></span> 
     </span>
     <span class='ocr_line' id='line_1_3' title="bbox 315 903 1321 981; baseline -0.003 0"><span class='ocrx_word' id='word_1_9' title='bbox 315 907 659 981; x_wconf 68' lang='lat' dir='ltr'><strong>Susannsrournus</strong></span> <span class='ocrx_word' id='word_1_10' title='bbox 685 925 740 977; x_wconf 83' lang='lat' dir='ltr'><strong>nx</strong></span> <span class='ocrx_word' id='word_1_11' title='bbox 767 904 1011 979; x_wconf 64' lang='lat' dir='ltr'><strong>Insonuere</strong></span> <span class='ocrx_word' id='word_1_12' title='bbox 1037 903 1321 978; x_wconf 76' lang='lat' dir='ltr'><strong>Conscrnnrrn.</strong></span> 
     </span>
    </p>
   </div>
   <div class='ocr_carea' id='block_1_3' title="bbox 625 1086 1010 1175">
    <p class='ocr_par' dir='ltr' id='par_1_3' title="bbox 625 1086 1010 1175">
     <span class='ocr_line' id='line_1_4' title="bbox 625 1086 1010 1175; baseline -0.003 -23"><span class='ocrx_word' id='word_1_13' title='bbox 625 1088 698 1175; x_wconf 87' lang='lat' dir='ltr'><strong>[Ad</strong></span> <span class='ocrx_word' id='word_1_14' title='bbox 713 1111 750 1174; x_wconf 85' lang='lat' dir='ltr'><strong>p.</strong></span> <span class='ocrx_word' id='word_1_15' title='bbox 771 1090 844 1171; x_wconf 84' lang='lat'><strong>178,</strong></span> <span class='ocrx_word' id='word_1_16' title='bbox 862 1110 894 1153; x_wconf 82' lang='lat' dir='ltr'><strong>a.</strong></span> <span class='ocrx_word' id='word_1_17' title='bbox 918 1086 1010 1173; x_wconf 87' lang='lat'><strong>310.]</strong></span> 
     </span>
    </p>
   </div>
   <div class='ocr_carea' id='block_1_4' title="bbox 137 1257 1439 4046">
    <p class='ocr_par' dir='ltr' id='par_1_4' title="bbox 202 1257 1436 1552">
     <span class='ocr_line' id='line_1_5' title="bbox 246 1257 1436 1347; baseline -0.004 -19"><span class='ocrx_word' id='word_1_18' title='bbox 246 1261 348 1329; x_wconf 91' lang='lat' dir='ltr'><strong>Omni</strong></span> <span class='ocrx_word' id='word_1_19' title='bbox 369 1269 512 1347; x_wconf 89' lang='lat' dir='ltr'><strong>ternpore</strong></span> <span class='ocrx_word' id='word_1_20' title='bbox 532 1258 668 1326; x_wconf 89' lang='lat' dir='ltr'><strong>sollicita</strong></span> <span class='ocrx_word' id='word_1_21' title='bbox 690 1259 754 1323; x_wconf 88' lang='lat' dir='ltr'><strong>fuit</strong></span> <span class='ocrx_word' id='word_1_22' title='bbox 775 1257 918 1323; x_wconf 74' lang='lat' dir='ltr'><strong>Ecclesia</strong></span> <span class='ocrx_word' id='word_1_23' title='bbox 939 1266 977 1323; x_wconf 88' lang='lat' dir='ltr'><strong>ut</strong></span> <span class='ocrx_word' id='word_1_24' title='bbox 998 1280 1063 1324; x_wconf 89' lang='lat' dir='ltr'><strong>uon</strong></span> <span class='ocrx_word' id='word_1_25' title='bbox 1084 1257 1190 1323; x_wconf 91' lang='lat' dir='ltr'><strong>solum</strong></span> <span class='ocrx_word' id='word_1_26' title='bbox 1218 1280 1365 1323; x_wconf 86' lang='lat' dir='ltr'><strong>ascensus</strong></span> <span class='ocrx_word' id='word_1_27' title='bbox 1393 1257 1436 1323; x_wconf 89' lang='lat' dir='ltr'><strong>ad</strong></span> 
     </span>
     <span class='ocr_line' id='line_1_6' title="bbox 202 1350 1436 1449; baseline -0.005 -17"><span class='ocrx_word' id='word_1_28' title='bbox 202 1387 306 1432; x_wconf 83' lang='lat' dir='ltr'><strong>sacros</strong></span> <span class='ocrx_word' id='word_1_29' title='bbox 326 1350 466 1431; x_wconf 87' lang='lat' dir='ltr'><strong>Ordines</strong></span> <span class='ocrx_word' id='word_1_30' title='bbox 487 1363 727 1429; x_wconf 88' lang='lat' dir='ltr'><strong>interdiceretur.</strong></span> <span class='ocrx_word' id='word_1_31' title='bbox 747 1361 899 1449; x_wconf 83' lang='lat' dir='ltr'><strong>indignis,</strong></span> <span class='ocrx_word' id='word_1_32' title='bbox 921 1383 1035 1426; x_wconf 91' lang='lat' dir='ltr'><strong>verum</strong></span> <span class='ocrx_word' id='word_1_33' title='bbox 1056 1360 1153 1425; x_wconf 87' lang='lat' dir='ltr'><strong>etiam</strong></span> <span class='ocrx_word' id='word_1_34' title='bbox 1181 1360 1223 1425; x_wconf 89' lang='lat' dir='ltr'><strong>ab</strong></span> <span class='ocrx_word' id='word_1_35' title='bbox 1251 1359 1436 1426; x_wconf 87' lang='lat' dir='ltr'><strong>eorumdem</strong></span> 
     </span>
     <span class='ocr_line' id='line_1_7' title="bbox 203 1467 873 1552; baseline -0.007 -16"><span class='ocrx_word' id='word_1_36' title='bbox 203 1469 352 1536; x_wconf 85' lang='lat' dir='ltr'><strong>exercitio</strong></span> <span class='ocrx_word' id='word_1_37' title='bbox 366 1467 529 1532; x_wconf 88' lang='lat' dir='ltr'><strong>criminosi</strong></span> <span class='ocrx_word' id='word_1_38' title='bbox 542 1467 687 1552; x_wconf 86' lang='lat' dir='ltr'><strong>suspensi</strong></span> <span class='ocrx_word' id='word_1_39' title='bbox 701 1474 873 1531; x_wconf 87' lang='lat' dir='ltr'><strong>manerent.</strong></span> 
     </span>
    </p>

    <p class='ocr_par' dir='ltr' id='par_1_5' title="bbox 195 1568 1439 2695">
     <span class='ocr_line' id='line_1_8' title="bbox 246 1568 1436 1658; baseline -0.003 -20"><span class='ocrx_word' id='word_1_40' title='bbox 246 1572 331 1639; x_wconf 87' lang='lat' dir='ltr'><strong>Cum</strong></span> <span class='ocrx_word' id='word_1_41' title='bbox 351 1582 458 1637; x_wconf 91' lang='lat' dir='ltr'><strong>autem</strong></span> <span class='ocrx_word' id='word_1_42' title='bbox 479 1571 675 1636; x_wconf 89' lang='lat' dir='ltr'><strong>occultorum</strong></span> <span class='ocrx_word' id='word_1_43' title='bbox 696 1593 824 1658; x_wconf 91' lang='lat' dir='ltr'><strong>quoque</strong></span> <span class='ocrx_word' id='word_1_44' title='bbox 844 1569 1026 1654; x_wconf 90' lang='lat' dir='ltr'><strong>criminum,</strong></span> <span class='ocrx_word' id='word_1_45' title='bbox 1048 1592 1191 1657; x_wconf 86' lang='lat' dir='ltr'><strong>quaeque</strong></span> <span class='ocrx_word' id='word_1_46' title='bbox 1213 1568 1347 1655; x_wconf 82' lang='lat' dir='ltr'><strong>predone</strong></span> <span class='ocrx_word' id='word_1_47' title='bbox 1369 1594 1436 1637; x_wconf 89' lang='lat' dir='ltr'><strong>non</strong></span> 
     </span>
     <span class='ocr_line' id='line_1_9' title="bbox 202 1673 1437 1770; baseline -0.001 -29"><span class='ocrx_word' id='word_1_48' title='bbox 202 1676 375 1763; x_wconf 83' lang='lat' dir='ltr'><strong>expediret,</strong></span> <span class='ocrx_word' id='word_1_49' title='bbox 385 1675 489 1740; x_wconf 86' lang='lat' dir='ltr'><strong>facilis</strong></span> <span class='ocrx_word' id='word_1_50' title='bbox 498 1682 531 1740; x_wconf 91' lang='lat' dir='ltr'><strong>et</strong></span> <span class='ocrx_word' id='word_1_51' title='bbox 540 1683 698 1761; x_wconf 88' lang='lat' dir='ltr'><strong>prompta,</strong></span> <span class='ocrx_word' id='word_1_52' title='bbox 710 1696 823 1760; x_wconf 85' lang='lat' dir='ltr'>nempe</span> <span class='ocrx_word' id='word_1_53' title='bbox 832 1697 853 1739; x_wconf 89' lang='lat' dir='ltr'><strong>a</strong></span> <span class='ocrx_word' id='word_1_54' title='bbox 863 1673 1037 1738; x_wconf 89' lang='lat' dir='ltr'><strong>iudiciariis</strong></span> <span class='ocrx_word' id='word_1_55' title='bbox 1047 1673 1159 1738; x_wconf 83' lang='lat' dir='ltr'><strong>formis</strong></span> <span class='ocrx_word' id='word_1_56' title='bbox 1170 1673 1279 1770; x_wconf 87' lang='lat' dir='ltr'><strong>libera,</strong></span> <span class='ocrx_word' id='word_1_57' title='bbox 1288 1675 1437 1740; x_wconf 79' lang='lat' dir='ltr'><strong>coercitio</strong></span> 
     </span>
     <span class='ocr_line' id='line_1_10' title="bbox 202 1775 1436 1866; baseline -0.004 -20"><span class='ocrx_word' id='word_1_58' title='bbox 202 1778 376 1866; x_wconf 86' lang='lat' dir='ltr'><strong>aliquando</strong></span> <span class='ocrx_word' id='word_1_59' title='bbox 399 1779 573 1843; x_wconf 83' lang='lat' dir='ltr'><strong>necessaria</strong></span> <span class='ocrx_word' id='word_1_60' title='bbox 596 1777 640 1842; x_wconf 88' lang='lat' dir='ltr'><strong>sit</strong></span> <span class='ocrx_word' id='word_1_61' title='bbox 661 1777 704 1842; x_wconf 90' lang='lat' dir='ltr'><strong>ad</strong></span> <span class='ocrx_word' id='word_1_62' title='bbox 728 1777 808 1842; x_wconf 88' lang='lat' dir='ltr'><strong>sacri</strong></span> <span class='ocrx_word' id='word_1_63' title='bbox 829 1776 998 1842; x_wconf 91' lang='lat' dir='ltr'><strong>ministerii</strong></span> <span class='ocrx_word' id='word_1_64' title='bbox 1018 1775 1207 1863; x_wconf 83' lang='lat' dir='ltr'><strong>dignitatem</strong></span> <span class='ocrx_word' id='word_1_65' title='bbox 1228 1785 1260 1841; x_wconf 90' lang='lat' dir='ltr'><strong>et</strong></span> <span class='ocrx_word' id='word_1_66' title='bbox 1288 1776 1436 1842; x_wconf 88' lang='lat' dir='ltr'><strong>fidelium</strong></span> 
     </span>
     <span class='ocr_line' id='line_1_11' title="bbox 203 1879 1438 1966; baseline -0.001 -19"><span class='ocrx_word' id='word_1_67' title='bbox 203 1882 374 1947; x_wconf 74' lang='lat' dir='ltr'><strong>utilitatem</strong></span> <span class='ocrx_word' id='word_1_68' title='bbox 394 1879 565 1963; x_wconf 82' lang='lat' dir='ltr'><strong>tuendam3</strong></span> <span class='ocrx_word' id='word_1_69' title='bbox 595 1881 672 1946; x_wconf 93' lang='lat' dir='ltr'><strong>hinc</strong></span> <span class='ocrx_word' id='word_1_70' title='bbox 692 1881 927 1966; x_wconf 86' lang='lat' dir='ltr'><strong>sapientissimo</strong></span> <span class='ocrx_word' id='word_1_71' title='bbox 950 1880 1084 1945; x_wconf 90' lang='lat' dir='ltr'><strong>consilio</strong></span> <span class='ocrx_word' id='word_1_72' title='bbox 1111 1880 1293 1945; x_wconf 83' lang='lat' dir='ltr'><strong>Tridentini</strong></span> <span class='ocrx_word' id='word_1_73' title='bbox 1323 1880 1438 1946; x_wconf 81' lang='lat' dir='ltr'><strong>Patres</strong></span> 
     </span>
     <span class='ocr_line' id='line_1_12' title="bbox 202 1983 1439 2072; baseline -0.002 -20"><span class='ocrx_word' id='word_1_74' title='bbox 202 1984 284 2052; x_wconf 81' lang='lat' dir='ltr'><strong>Sess.</strong></span> <span class='ocrx_word' id='word_1_75' title='bbox 307 2003 389 2052; x_wconf 85' lang='lat' dir='ltr'><strong>x1v.</strong></span> <span class='ocrx_word' id='word_1_76' title='bbox 411 2009 479 2072; x_wconf 75' lang='lat' dir='ltr'><strong>oep.</strong></span> <span class='ocrx_word' id='word_1_77' title='bbox 505 1987 535 2051; x_wconf 90' lang='lat'><strong>1.</strong></span> <span class='ocrx_word' id='word_1_78' title='bbox 558 1984 599 2050; x_wconf 91' lang='lat' dir='ltr'><strong>de</strong></span> <span class='ocrx_word' id='word_1_79' title='bbox 624 1984 768 2051; x_wconf 86' lang='lat' dir='ltr'><strong>Reform.</strong></span> <span class='ocrx_word' id='word_1_80' title='bbox 791 1983 1019 2050; x_wconf 75' lang='lat' dir='ltr'><strong>decrevenrntz</strong></span> <span class='ocrx_word' id='word_1_81' title='bbox 1051 1984 1134 2054; x_wconf 80' lang='lat' dir='ltr'><strong>“Ei</strong></span> <span class='ocrx_word' id='word_1_82' title='bbox 1151 1984 1203 2048; x_wconf 81' lang='lat' dir='ltr'><strong>cei</strong></span> <span class='ocrx_word' id='word_1_83' title='bbox 1226 2007 1372 2049; x_wconf 68' lang='lat' dir='ltr'><strong>decenam</strong></span> <span class='ocrx_word' id='word_1_84' title='bbox 1390 1986 1439 2050; x_wconf 83' lang='lat' dir='ltr'><strong>ud</strong></span> 
     </span>
     <span class='ocr_line' id='line_1_13' title="bbox 201 2087 1438 2174; baseline -0.001 -18"><span class='ocrx_word' id='word_1_85' title='bbox 201 2112 307 2156; x_wconf 74' lang='lat' dir='ltr'><strong>sacros</strong></span> <span class='ocrx_word' id='word_1_86' title='bbox 326 2089 449 2155; x_wconf 79' lang='lat' dir='ltr'><strong>ordiner</strong></span> <span class='ocrx_word' id='word_1_87' title='bbox 469 2111 493 2154; x_wconf 88' lang='lat' dir='ltr'><strong>c</strong></span> <span class='ocrx_word' id='word_1_88' title='bbox 512 2111 569 2153; x_wconf 76' lang='lat' dir='ltr'><strong>neo</strong></span> <span class='ocrx_word' id='word_1_89' title='bbox 590 2087 738 2153; x_wconf 76' lang='lat' dir='ltr'><strong>Praelata</strong></span> <span class='ocrx_word' id='word_1_90' title='bbox 752 2111 789 2152; x_wconf 80' lang='lat' dir='ltr'><strong>ec</strong></span> <span class='ocrx_word' id='word_1_91' title='bbox 802 2110 991 2174; x_wconf 71' lang='lat' dir='ltr'><strong>priscamque</strong></span> <span class='ocrx_word' id='word_1_92' title='bbox 1010 2110 1118 2171; x_wconf 80' lang='lat' dir='ltr'><strong>conec,</strong></span> <span class='ocrx_word' id='word_1_93' title='bbox 1131 2088 1223 2152; x_wconf 83' lang='lat' dir='ltr'><strong>diam</strong></span> <span class='ocrx_word' id='word_1_94' title='bbox 1236 2087 1274 2152; x_wconf 77' lang='lat' dir='ltr'><strong>ob</strong></span> <span class='ocrx_word' id='word_1_95' title='bbox 1288 2089 1438 2155; x_wconf 79' lang='lat' dir='ltr'><strong>occultam</strong></span> 
     </span>
     <span class='ocr_line' id='line_1_14' title="bbox 202 2191 1438 2280; baseline 0.001 -22"><span class='ocrx_word' id='word_1_96' title='bbox 202 2195 325 2277; x_wconf 76' lang='lat' dir='ltr'><strong>nicaen,</strong></span> <span class='ocrx_word' id='word_1_97' title='bbox 338 2193 564 2280; x_wconf 72' lang='lat' dir='ltr'><strong>qwnodotibet,</strong></span> <span class='ocrx_word' id='word_1_98' title='bbox 579 2194 670 2257; x_wconf 84' lang='lat' dir='ltr'><strong>diam</strong></span> <span class='ocrx_word' id='word_1_99' title='bbox 682 2192 953 2256; x_wconf 79' lang='lat' dir='ltr'><strong>ectraindicicliter</strong></span> <span class='ocrx_word' id='word_1_100' title='bbox 964 2191 1066 2276; x_wconf 73' lang='lat' dir='ltr'><strong>fcerit</strong></span> <span class='ocrx_word' id='word_1_101' title='bbox 1078 2192 1264 2275; x_wconf 78' lang='lat' dir='ltr'><strong>interdictae,</strong></span> <span class='ocrx_word' id='word_1_102' title='bbox 1275 2199 1331 2257; x_wconf 81' lang='lat' dir='ltr'><strong>aut</strong></span> <span class='ocrx_word' id='word_1_103' title='bbox 1344 2193 1400 2280; x_wconf 77' lang='lat' dir='ltr'><strong>qui</strong></span> <span class='ocrx_word' id='word_1_104' title='bbox 1412 2216 1438 2260; x_wconf 84' lang='lat' dir='ltr'><strong>a</strong></span> 
     </span>
     <span class='ocr_line' id='line_1_15' title="bbox 201 2285 1436 2382; baseline -0.002 -21"><span class='ocrx_word' id='word_1_105' title='bbox 201 2298 267 2362; x_wconf 78' lang='lat' dir='ltr'><strong>suis</strong></span> <span class='ocrx_word' id='word_1_106' title='bbox 276 2296 437 2362; x_wconf 77' lang='lat' dir='ltr'><strong>ordinibus</strong></span> <span class='ocrx_word' id='word_1_107' title='bbox 447 2319 500 2361; x_wconf 81' lang='lat' dir='ltr'><strong>seu</strong></span> <span class='ocrx_word' id='word_1_108' title='bbox 507 2297 661 2381; x_wconf 71' lang='lat' dir='ltr'><strong>praelibas</strong></span> <span class='ocrx_word' id='word_1_109' title='bbox 674 2297 720 2360; x_wconf 84' lang='lat' dir='ltr'><strong>vel</strong></span> <span class='ocrx_word' id='word_1_110' title='bbox 732 2285 933 2379; x_wconf 71' lang='lat' dir='ltr'><strong>dipndatibne</strong></span> <span class='ocrx_word' id='word_1_111' title='bbox 942 2295 1251 2380; x_wconf 74' lang='lat' dir='ltr'><strong>oedcriaaticiafiarit</strong></span> <span class='ocrx_word' id='word_1_112' title='bbox 1259 2319 1436 2382; x_wconf 67' lang='lat' dir='ltr'><strong>scapnam,</strong></span> 
     </span>
     <span class='ocr_line' id='line_1_16' title="bbox 200 2400 1438 2487; baseline 0 -21"><span class='ocrx_word' id='word_1_113' title='bbox 200 2402 289 2466; x_wconf 83' lang='lat' dir='ltr'><strong>nullo</strong></span> <span class='ocrx_word' id='word_1_114' title='bbox 301 2407 409 2466; x_wconf 82' lang='lat' dir='ltr'><strong>contra</strong></span> <span class='ocrx_word' id='word_1_115' title='bbox 421 2401 522 2487; x_wconf 78' lang='lat' dir='ltr'><strong>ipsine</strong></span> <span class='ocrx_word' id='word_1_116' title='bbox 536 2400 677 2465; x_wconf 84' lang='lat' dir='ltr'><strong>Pradcti</strong></span> <span class='ocrx_word' id='word_1_117' title='bbox 690 2401 870 2464; x_wconf 72' lang='lat' dir='ltr'><strong>celeritatem</strong></span> <span class='ocrx_word' id='word_1_118' title='bbox 883 2421 1023 2463; x_wconf 81' lang='lat' dir='ltr'><strong>concessa</strong></span> <span class='ocrx_word' id='word_1_119' title='bbox 1036 2400 1157 2464; x_wconf 75' lang='lat' dir='ltr'><strong>licerdic</strong></span> <span class='ocrx_word' id='word_1_120' title='bbox 1171 2400 1209 2464; x_wconf 87' lang='lat' dir='ltr'><strong>dc</strong></span> <span class='ocrx_word' id='word_1_121' title='bbox 1221 2422 1253 2464; x_wconf 72' lang='lat' dir='ltr'><strong>se</strong></span> <span class='ocrx_word' id='word_1_122' title='bbox 1261 2402 1438 2485; x_wconf 70' lang='lat' dir='ltr'><strong>promoueri</strong></span> 
     </span>
     <span class='ocr_line' id='line_1_17' title="bbox 195 2502 1438 2591; baseline 0.001 -22"><span class='ocrx_word' id='word_1_123' title='bbox 195 2504 352 2589; x_wconf 78' lang='lat' dir='ltr'><strong>faciende,</strong></span> <span class='ocrx_word' id='word_1_124' title='bbox 367 2510 423 2568; x_wconf 80' lang='lat' dir='ltr'><strong>cut</strong></span> <span class='ocrx_word' id='word_1_125' title='bbox 436 2504 481 2569; x_wconf 86' lang='lat' dir='ltr'><strong>ad</strong></span> <span class='ocrx_word' id='word_1_126' title='bbox 495 2504 619 2591; x_wconf 72' lang='lat' dir='ltr'><strong>priores</strong></span> <span class='ocrx_word' id='word_1_127' title='bbox 633 2503 764 2585; x_wconf 78' lang='lat' dir='ltr'><strong>ordines,</strong></span> <span class='ocrx_word' id='word_1_128' title='bbox 776 2503 898 2587; x_wconf 70' lang='lat' dir='ltr'><strong>pradia</strong></span> <span class='ocrx_word' id='word_1_129' title='bbox 912 2509 938 2566; x_wconf 85' lang='lat' dir='ltr'><strong>et</strong></span> <span class='ocrx_word' id='word_1_130' title='bbox 952 2502 1114 2587; x_wconf 73' lang='lat' dir='ltr'><strong>dipndctce</strong></span> <span class='ocrx_word' id='word_1_131' title='bbox 1126 2503 1188 2568; x_wconf 81' lang='lat' dir='ltr'><strong>sinc</strong></span> <span class='ocrx_word' id='word_1_132' title='bbox 1201 2503 1328 2569; x_wconf 76' lang='lat' dir='ltr'><strong>honores</strong></span> <span class='ocrx_word' id='word_1_133' title='bbox 1349 2506 1438 2570; x_wconf 77' lang='lat' dir='ltr'><strong>recti·</strong></span> 
     </span>
     <span class='ocr_line' id='line_1_18' title="bbox 200 2605 507 2695; baseline -0.007 -22"><span class='ocrx_word' id='word_1_134' title='bbox 200 2608 277 2673; x_wconf 81' lang='lat' dir='ltr'><strong>tatio</strong></span> <span class='ocrx_word' id='word_1_135' title='bbox 290 2605 507 2695; x_wconf 74' lang='lat' dir='ltr'><strong>cnffrnydnr.”</strong></span> 
     </span>
    </p>

    <p class='ocr_par' dir='ltr' id='par_1_6' title="bbox 137 2710 1438 3608">
     <span class='ocr_line' id='line_1_19' title="bbox 245 2710 1436 2798; baseline 0.001 -21"><span class='ocrx_word' id='word_1_136' title='bbox 245 2711 300 2777; x_wconf 84' lang='lat' dir='ltr'><strong>Ex</strong></span> <span class='ocrx_word' id='word_1_137' title='bbox 311 2712 373 2776; x_wconf 92' lang='lat' dir='ltr'><strong>hoc</strong></span> <span class='ocrx_word' id='word_1_138' title='bbox 385 2710 522 2797; x_wconf 85' lang='lat' dir='ltr'><strong>provido</strong></span> <span class='ocrx_word' id='word_1_139' title='bbox 532 2710 667 2795; x_wconf 82' lang='lat' dir='ltr'><strong>decreta,</strong></span> <span class='ocrx_word' id='word_1_140' title='bbox 679 2712 714 2776; x_wconf 92' lang='lat' dir='ltr'><strong>in</strong></span> <span class='ocrx_word' id='word_1_141' title='bbox 729 2734 765 2776; x_wconf 88' lang='lat' dir='ltr'><strong>eo</strong></span> <span class='ocrx_word' id='word_1_142' title='bbox 777 2710 862 2798; x_wconf 91' lang='lat' dir='ltr'><strong>quod</strong></span> <span class='ocrx_word' id='word_1_143' title='bbox 877 2710 1013 2777; x_wconf 88' lang='lat' dir='ltr'><strong>refertur</strong></span> <span class='ocrx_word' id='word_1_144' title='bbox 1023 2712 1065 2778; x_wconf 88' lang='lat' dir='ltr'><strong>ad</strong></span> <span class='ocrx_word' id='word_1_145' title='bbox 1080 2711 1274 2791; x_wconf 86' lang='lat' dir='ltr'><strong>Clericornm</strong></span> <span class='ocrx_word' id='word_1_146' title='bbox 1290 2714 1436 2797; x_wconf 84' lang='lat' dir='ltr'><strong>crimina,</strong></span> 
     </span>
     <span class='ocr_line' id='line_1_20' title="bbox 201 2814 1436 2902; baseline 0.003 -23"><span class='ocrx_word' id='word_1_147' title='bbox 201 2837 282 2901; x_wconf 86' lang='lat' dir='ltr'><strong>quae</strong></span> <span class='ocrx_word' id='word_1_148' title='bbox 295 2814 566 2880; x_wconf 85' lang='lat' dir='ltr'><strong>extraiudicialem</strong></span> <span class='ocrx_word' id='word_1_149' title='bbox 585 2815 824 2901; x_wconf 88' lang='lat' dir='ltr'><strong>suspensionem</strong></span> <span class='ocrx_word' id='word_1_150' title='bbox 842 2815 884 2880; x_wconf 90' lang='lat' dir='ltr'><strong>ab</strong></span> <span class='ocrx_word' id='word_1_151' title='bbox 902 2815 1116 2881; x_wconf 86' lang='lat' dir='ltr'><strong>ecclesiasticis</strong></span> <span class='ocrx_word' id='word_1_152' title='bbox 1133 2814 1245 2881; x_wconf 91' lang='lat' dir='ltr'><strong>officiis</strong></span> <span class='ocrx_word' id='word_1_153' title='bbox 1264 2828 1436 2902; x_wconf 89' lang='lat' dir='ltr'><strong>merentur,</strong></span> 
     </span>
     <span class='ocr_line' id='line_1_21' title="bbox 201 2918 1436 3005; baseline 0.003 -22"><span class='ocrx_word' id='word_1_154' title='bbox 201 2918 390 2984; x_wconf 88' lang='lat' dir='ltr'><strong>iamdudum</strong></span> <span class='ocrx_word' id='word_1_155' title='bbox 410 2918 445 2981; x_wconf 94' lang='lat' dir='ltr'><strong>in</strong></span> <span class='ocrx_word' id='word_1_156' title='bbox 464 2941 524 2982; x_wconf 90' lang='lat' dir='ltr'><strong>usu</strong></span> <span class='ocrx_word' id='word_1_157' title='bbox 544 2918 610 2983; x_wconf 84' lang='lat' dir='ltr'><strong>fuit</strong></span> <span class='ocrx_word' id='word_1_158' title='bbox 627 2919 842 3004; x_wconf 86' lang='lat' dir='ltr'><strong>suspensionis</strong></span> <span class='ocrx_word' id='word_1_159' title='bbox 855 2941 958 3005; x_wconf 87' lang='lat' dir='ltr'><strong>poena</strong></span> <span class='ocrx_word' id='word_1_160' title='bbox 978 2942 1019 2983; x_wconf 87' lang='lat' dir='ltr'><strong>ex</strong></span> <span class='ocrx_word' id='word_1_161' title='bbox 1040 2920 1143 2984; x_wconf 79' lang='lat' dir='ltr'><strong>(ansis</strong></span> <span class='ocrx_word' id='word_1_162' title='bbox 1162 2920 1310 2985; x_wconf 86' lang='lat' dir='ltr'><strong>Praeluto</strong></span> <span class='ocrx_word' id='word_1_163' title='bbox 1331 2921 1436 3005; x_wconf 87' lang='lat' dir='ltr'><strong>notis;</strong></span> 
     </span>
     <span class='ocr_line' id='line_1_22' title="bbox 137 3020 1438 3110; baseline 0.003 -22"><span class='ocrx_word' id='word_1_164' title='bbox 137 3036 139 3040; x_wconf 82' lang='grc'>’</span> <span class='ocrx_word' id='word_1_165' title='bbox 201 3044 283 3110; x_wconf 88' lang='lat' dir='ltr'><strong>quae</strong></span> <span class='ocrx_word' id='word_1_166' title='bbox 296 3045 411 3107; x_wconf 87' lang='lat' dir='ltr'><strong>nempe</strong></span> <span class='ocrx_word' id='word_1_167' title='bbox 423 3020 516 3087; x_wconf 89' lang='lat' dir='ltr'><strong>audit</strong></span> <span class='ocrx_word' id='word_1_168' title='bbox 533 3023 698 3108; x_wconf 91' lang='lat' dir='ltr'><strong>suspensio</strong></span> <span class='ocrx_word' id='word_1_169' title='bbox 712 3045 749 3086; x_wconf 81' lang='lat' dir='ltr'><strong>cc</strong></span> <span class='ocrx_word' id='word_1_170' title='bbox 761 3022 931 3106; x_wconf 74' lang='lat' dir='ltr'><strong>informato</strong></span> <span class='ocrx_word' id='word_1_171' title='bbox 943 3023 1134 3089; x_wconf 77' lang='lat' dir='ltr'><strong>corncieatic.</strong></span> <span class='ocrx_word' id='word_1_172' title='bbox 1179 3023 1236 3089; x_wconf 82' lang='lat' dir='ltr'><strong>Ad</strong></span> <span class='ocrx_word' id='word_1_173' title='bbox 1256 3023 1316 3090; x_wconf 91' lang='lat' dir='ltr'><strong>hoc</strong></span> <span class='ocrx_word' id='word_1_174' title='bbox 1328 3024 1438 3110; x_wconf 88' lang='lat' dir='ltr'><strong>itaque</strong></span> 
     </span>
     <span class='ocr_line' id='line_1_23' title="bbox 201 3125 1437 3213; baseline 0.003 -21"><span class='ocrx_word' id='word_1_175' title='bbox 201 3135 240 3192; x_wconf 89' lang='lat' dir='ltr'><strong>ut</strong></span> <span class='ocrx_word' id='word_1_176' title='bbox 260 3126 296 3192; x_wconf 92' lang='lat' dir='ltr'><strong>in</strong></span> <span class='ocrx_word' id='word_1_177' title='bbox 316 3125 426 3191; x_wconf 83' lang='lat' dir='ltr'><strong>eadem</strong></span> <span class='ocrx_word' id='word_1_178' title='bbox 440 3125 625 3213; x_wconf 86' lang='lat' dir='ltr'><strong>infligenda,</strong></span> <span class='ocrx_word' id='word_1_179' title='bbox 641 3149 714 3190; x_wconf 90' lang='lat' dir='ltr'><strong>cum</strong></span> <span class='ocrx_word' id='word_1_180' title='bbox 735 3125 848 3191; x_wconf 86' lang='lat' dir='ltr'><strong>maiori</strong></span> <span class='ocrx_word' id='word_1_181' title='bbox 869 3149 934 3213; x_wconf 90' lang='lat' dir='ltr'><strong>qua</strong></span> <span class='ocrx_word' id='word_1_182' title='bbox 952 3135 1056 3213; x_wconf 86' lang='lat' dir='ltr'><strong>potest</strong></span> <span class='ocrx_word' id='word_1_183' title='bbox 1074 3127 1198 3192; x_wconf 88' lang='lat' dir='ltr'><strong>cautela</strong></span> <span class='ocrx_word' id='word_1_184' title='bbox 1218 3137 1251 3193; x_wconf 87' lang='lat' dir='ltr'><strong>et</strong></span> <span class='ocrx_word' id='word_1_185' title='bbox 1269 3129 1437 3196; x_wconf 76' lang='lat' dir='ltr'><strong>securitate</strong></span> 
     </span>
     <span class='ocr_line' id='line_1_24' title="bbox 202 3229 1438 3319; baseline 0.003 -23"><span class='ocrx_word' id='word_1_186' title='bbox 202 3229 368 3296; x_wconf 88' lang='lat' dir='ltr'><strong>Ordinarii</strong></span> <span class='ocrx_word' id='word_1_187' title='bbox 400 3229 627 3295; x_wconf 70' lang='lat' dir='ltr'><strong>‹atholicarum</strong></span> <span class='ocrx_word' id='word_1_188' title='bbox 660 3229 848 3294; x_wconf 82' lang='lat' dir='ltr'><strong>missionum</strong></span> <span class='ocrx_word' id='word_1_189' title='bbox 880 3229 1061 3317; x_wconf 90' lang='lat' dir='ltr'><strong>procedant,</strong></span> <span class='ocrx_word' id='word_1_190' title='bbox 1090 3230 1124 3297; x_wconf 79' lang='lat' dir='ltr'><strong>S.</strong></span> <span class='ocrx_word' id='word_1_191' title='bbox 1153 3231 1368 3319; x_wconf 71' lang='lat' dir='ltr'><strong>Congregatio</strong></span> <span class='ocrx_word' id='word_1_192' title='bbox 1394 3231 1438 3300; x_wconf 87' lang='lat' dir='ltr'><strong>de</strong></span> 
     </span>
     <span class='ocr_line' id='line_1_25' title="bbox 203 3332 1437 3422; baseline 0.005 -24"><span class='ocrx_word' id='word_1_193' title='bbox 203 3332 415 3422; x_wconf 84' lang='lat' dir='ltr'><strong>Propaganda</strong></span> <span class='ocrx_word' id='word_1_194' title='bbox 444 3333 527 3398; x_wconf 85' lang='lat' dir='ltr'><strong>Fide</strong></span> <span class='ocrx_word' id='word_1_195' title='bbox 554 3342 751 3420; x_wconf 78' lang='lat' dir='ltr'><strong>praesentem</strong></span> <span class='ocrx_word' id='word_1_196' title='bbox 779 3333 1020 3398; x_wconf 87' lang='lat' dir='ltr'><strong>instructionem</strong></span> <span class='ocrx_word' id='word_1_197' title='bbox 1045 3333 1200 3400; x_wconf 88' lang='lat' dir='ltr'><strong>edendam</strong></span> <span class='ocrx_word' id='word_1_198' title='bbox 1224 3336 1357 3419; x_wconf 88' lang='lat' dir='ltr'><strong>censuit,</strong></span> <span class='ocrx_word' id='word_1_199' title='bbox 1381 3339 1437 3404; x_wconf 86' lang='lat' dir='ltr'><strong>cui</strong></span> 
     </span>
     <span class='ocr_line' id='line_1_26' title="bbox 202 3434 1437 3507; baseline 0.006 -7"><span class='ocrx_word' id='word_1_200' title='bbox 202 3437 299 3503; x_wconf 88' lang='lat' dir='ltr'><strong>iidem</strong></span> <span class='ocrx_word' id='word_1_201' title='bbox 320 3437 488 3503; x_wconf 90' lang='lat' dir='ltr'><strong>Ordinarii</strong></span> <span class='ocrx_word' id='word_1_202' title='bbox 508 3437 543 3502; x_wconf 92' lang='lat' dir='ltr'><strong>in</strong></span> <span class='ocrx_word' id='word_1_203' title='bbox 565 3434 745 3502; x_wconf 85' lang='lat' dir='ltr'><strong>adhibendo</strong></span> <span class='ocrx_word' id='word_1_204' title='bbox 767 3435 828 3501; x_wconf 91' lang='lat' dir='ltr'><strong>hoc</strong></span> <span class='ocrx_word' id='word_1_205' title='bbox 846 3436 1099 3503; x_wconf 82' lang='lat' dir='ltr'><strong>extraordinario</strong></span> <span class='ocrx_word' id='word_1_206' title='bbox 1117 3437 1257 3504; x_wconf 89' lang='lat' dir='ltr'><strong>remedio</strong></span> <span class='ocrx_word' id='word_1_207' title='bbox 1274 3461 1342 3506; x_wconf 76' lang='lat' dir='ltr'><strong>sese</strong></span> <span class='ocrx_word' id='word_1_208' title='bbox 1360 3463 1437 3507; x_wconf 89' lang='lat' dir='ltr'><strong>oon·</strong></span> 
     </span>
     <span class='ocr_line' id='line_1_27' title="bbox 204 3539 522 3608; baseline 0.009 -3"><span class='ocrx_word' id='word_1_209' title='bbox 204 3539 342 3606; x_wconf 87' lang='lat' dir='ltr'><strong>formare</strong></span> <span class='ocrx_word' id='word_1_210' title='bbox 355 3541 522 3608; x_wconf 87' lang='lat' dir='ltr'><strong>curabunt.</strong></span> 
     </span>
    </p>

    <p class='ocr_par' dir='ltr' id='par_1_7' title="bbox 201 3644 1438 3939">
     <span class='ocr_line' id='line_1_28' title="bbox 247 3644 1438 3737; baseline 0.006 -28"><span class='ocrx_word' id='word_1_211' title='bbox 247 3648 277 3710; x_wconf 89' lang='lat'><strong>1.</strong></span> <span class='ocrx_word' id='word_1_212' title='bbox 307 3644 479 3730; x_wconf 86' lang='lat' dir='ltr'><strong>Suspensio</strong></span> <span class='ocrx_word' id='word_1_213' title='bbox 498 3668 539 3710; x_wconf 86' lang='lat' dir='ltr'><strong>ex</strong></span> <span class='ocrx_word' id='word_1_214' title='bbox 558 3644 731 3711; x_wconf 85' lang='lat' dir='ltr'><strong>informata</strong></span> <span class='ocrx_word' id='word_1_215' title='bbox 744 3645 943 3729; x_wconf 89' lang='lat' dir='ltr'><strong>conscientia,</strong></span> <span class='ocrx_word' id='word_1_216' title='bbox 958 3669 1023 3711; x_wconf 93' lang='lat' dir='ltr'><strong>non</strong></span> <span class='ocrx_word' id='word_1_217' title='bbox 1037 3670 1125 3713; x_wconf 86' lang='lat' dir='ltr'><strong>secus</strong></span> <span class='ocrx_word' id='word_1_218' title='bbox 1144 3671 1181 3713; x_wconf 88' lang='lat' dir='ltr'><strong>ac</strong></span> <span class='ocrx_word' id='word_1_219' title='bbox 1200 3648 1267 3733; x_wconf 86' lang='lat' dir='ltr'><strong>illu,</strong></span> <span class='ocrx_word' id='word_1_220' title='bbox 1283 3672 1365 3736; x_wconf 84' lang='lat' dir='ltr'><strong>quae</strong></span> <span class='ocrx_word' id='word_1_221' title='bbox 1377 3671 1438 3737; x_wconf 88' lang='lat' dir='ltr'><strong>per</strong></span> 
     </span>
     <span class='ocr_line' id='line_1_29' title="bbox 202 3747 1436 3835; baseline 0.006 -24"><span class='ocrx_word' id='word_1_222' title='bbox 202 3747 383 3812; x_wconf 89' lang='lat' dir='ltr'><strong>iudicialem</strong></span> <span class='ocrx_word' id='word_1_223' title='bbox 402 3749 590 3813; x_wconf 87' lang='lat' dir='ltr'><strong>sententiam</strong></span> <span class='ocrx_word' id='word_1_224' title='bbox 609 3748 777 3835; x_wconf 81' lang='lat' dir='ltr'><strong>infligitur,</strong></span> <span class='ocrx_word' id='word_1_225' title='bbox 792 3772 959 3834; x_wconf 81' lang='lat' dir='ltr'><strong>personam</strong></span> <span class='ocrx_word' id='word_1_226' title='bbox 973 3750 1210 3816; x_wconf 72' lang='lat' dir='ltr'><strong>ecelesiasticam</strong></span> <span class='ocrx_word' id='word_1_227' title='bbox 1230 3775 1250 3818; x_wconf 90' lang='lat' dir='ltr'><strong>a</strong></span> <span class='ocrx_word' id='word_1_228' title='bbox 1268 3754 1335 3818; x_wconf 90' lang='lat' dir='ltr'><strong>suis</strong></span> <span class='ocrx_word' id='word_1_229' title='bbox 1349 3753 1436 3819; x_wconf 89' lang='lat' dir='ltr'><strong>ordi·</strong></span> 
     </span>
     <span class='ocr_line' id='line_1_30' title="bbox 201 3850 1435 3939; baseline 0.004 -23"><span class='ocrx_word' id='word_1_230' title='bbox 201 3851 306 3932; x_wconf 92' lang='lat' dir='ltr'><strong>nibus,</strong></span> <span class='ocrx_word' id='word_1_231' title='bbox 317 3873 371 3915; x_wconf 91' lang='lat' dir='ltr'><strong>seu</strong></span> <span class='ocrx_word' id='word_1_232' title='bbox 382 3851 545 3936; x_wconf 85' lang='lat' dir='ltr'><strong>gradibus,</strong></span> <span class='ocrx_word' id='word_1_233' title='bbox 558 3851 609 3918; x_wconf 86' lang='lat' dir='ltr'><strong>vel</strong></span> <span class='ocrx_word' id='word_1_234' title='bbox 620 3850 832 3939; x_wconf 79' lang='lat' dir='ltr'><strong>dignitatibus</strong></span> <span class='ocrx_word' id='word_1_235' title='bbox 842 3852 1057 3918; x_wconf 80' lang='lat' dir='ltr'><strong>ecclesiasticis</strong></span> <span class='ocrx_word' id='word_1_236' title='bbox 1070 3856 1253 3920; x_wconf 82' lang='lat' dir='ltr'><strong>exercendis</strong></span> <span class='ocrx_word' id='word_1_237' title='bbox 1264 3856 1435 3924; x_wconf 80' lang='lat' dir='ltr'><strong>interdicit.</strong></span> 
     </span>
    </p>

    <p class='ocr_par' dir='ltr' id='par_1_8' title="bbox 246 3953 1436 4046">
     <span class='ocr_line' id='line_1_31' title="bbox 246 3953 1436 4046; baseline 0.006 -27"><span class='ocrx_word' id='word_1_238' title='bbox 246 3957 276 4020; x_wconf 84' lang='lat'><strong>2.</strong></span> <span class='ocrx_word' id='word_1_239' title='bbox 292 3954 337 4019; x_wconf 93' lang='lat' dir='ltr'><strong>Iu</strong></span> <span class='ocrx_word' id='word_1_240' title='bbox 348 3953 409 4019; x_wconf 92' lang='lat' dir='ltr'><strong>hoc</strong></span> <span class='ocrx_word' id='word_1_241' title='bbox 419 3955 585 4042; x_wconf 81' lang='lat' dir='ltr'><strong>praecipue</strong></span> <span class='ocrx_word' id='word_1_242' title='bbox 595 3956 664 4041; x_wconf 92' lang='lat' dir='ltr'><strong>ipsa</strong></span> <span class='ocrx_word' id='word_1_243' title='bbox 674 3955 782 4021; x_wconf 84' lang='lat' dir='ltr'><strong>differt</strong></span> <span class='ocrx_word' id='word_1_244' title='bbox 794 3978 815 4020; x_wconf 85' lang='lat' dir='ltr'><strong>a</strong></span> <span class='ocrx_word' id='word_1_245' title='bbox 829 3956 971 4022; x_wconf 88' lang='lat' dir='ltr'><strong>iudiciali</strong></span> <span class='ocrx_word' id='word_1_246' title='bbox 981 3959 1195 4044; x_wconf 88' lang='lat' dir='ltr'><strong>suspensione,</strong></span> <span class='ocrx_word' id='word_1_247' title='bbox 1206 3959 1294 4046; x_wconf 94' lang='lat' dir='ltr'><strong>quod</strong></span> <span class='ocrx_word' id='word_1_248' title='bbox 1304 3958 1436 4026; x_wconf 85' lang='lat' dir='ltr'><strong>adhibe·</strong></span> 
     </span>
    </p>
   </div>
   <div class='ocr_carea' id='block_1_5' title="bbox 94 4058 1434 4149">
    <p class='ocr_par' dir='ltr' id='par_1_9' title="bbox 94 4058 1434 4149">
     <span class='ocr_line' id='line_1_32' title="bbox 94 4058 1434 4149; baseline 0.004 -26"><span class='ocrx_word' id='word_1_249' title='bbox 94 4138 99 4147; x_wconf 92' lang='lat'><strong>.</strong></span> <span class='ocrx_word' id='word_1_250' title='bbox 201 4067 255 4124; x_wconf 90' lang='lat' dir='ltr'><strong>tur</strong></span> <span class='ocrx_word' id='word_1_251' title='bbox 265 4068 430 4146; x_wconf 84' lang='lat' dir='ltr'><strong>tamquam</strong></span> <span class='ocrx_word' id='word_1_252' title='bbox 444 4058 732 4123; x_wconf 82' lang='lat' dir='ltr'><strong>extraordinarium</strong></span> <span class='ocrx_word' id='word_1_253' title='bbox 746 4059 921 4125; x_wconf 86' lang='lat' dir='ltr'><strong>remedium</strong></span> <span class='ocrx_word' id='word_1_254' title='bbox 938 4061 972 4125; x_wconf 92' lang='lat' dir='ltr'><strong>in</strong></span> <span class='ocrx_word' id='word_1_255' title='bbox 987 4084 1122 4149; x_wconf 87' lang='lat' dir='ltr'><strong>poenam</strong></span> <span class='ocrx_word' id='word_1_256' title='bbox 1132 4061 1263 4128; x_wconf 84' lang='lat' dir='ltr'><strong>admissi</strong></span> <span class='ocrx_word' id='word_1_257' title='bbox 1273 4063 1434 4148; x_wconf 83' lang='lat' dir='ltr'><strong>criminis;</strong></span> 
     </span>
    </p>
   </div>
   <div class='ocr_carea' id='block_1_6' title="bbox 199 4161 1437 4643">
    <p class='ocr_par' dir='ltr' id='par_1_10' title="bbox 199 4161 1437 4643">
     <span class='ocr_line' id='line_1_33' title="bbox 201 4161 1436 4251; baseline 0.005 -24"><span class='ocrx_word' id='word_1_258' title='bbox 201 4162 335 4249; x_wconf 91' lang='lat' dir='ltr'><strong>ideoque</strong></span> <span class='ocrx_word' id='word_1_259' title='bbox 348 4161 391 4227; x_wconf 88' lang='lat' dir='ltr'><strong>ad</strong></span> <span class='ocrx_word' id='word_1_260' title='bbox 404 4161 545 4227; x_wconf 89' lang='lat' dir='ltr'><strong>eiusdem</strong></span> <span class='ocrx_word' id='word_1_261' title='bbox 556 4163 792 4248; x_wconf 90' lang='lat' dir='ltr'><strong>impositionem</strong></span> <span class='ocrx_word' id='word_1_262' title='bbox 802 4187 867 4228; x_wconf 91' lang='lat' dir='ltr'><strong>non</strong></span> <span class='ocrx_word' id='word_1_263' title='bbox 882 4165 1090 4251; x_wconf 88' lang='lat' dir='ltr'><strong>requiruntur</strong></span> <span class='ocrx_word' id='word_1_264' title='bbox 1100 4188 1157 4231; x_wconf 90' lang='lat' dir='ltr'><strong>nec</strong></span> <span class='ocrx_word' id='word_1_265' title='bbox 1166 4165 1288 4231; x_wconf 81' lang='lat' dir='ltr'><strong>formae</strong></span> <span class='ocrx_word' id='word_1_266' title='bbox 1300 4166 1436 4234; x_wconf 85' lang='lat' dir='ltr'><strong>iudicia-</strong></span> 
     </span>
     <span class='ocr_line' id='line_1_34' title="bbox 200 4265 1437 4355; baseline 0.006 -25"><span class='ocrx_word' id='word_1_267' title='bbox 200 4266 256 4350; x_wconf 89' lang='lat' dir='ltr'><strong>les,</strong></span> <span class='ocrx_word' id='word_1_268' title='bbox 271 4290 328 4331; x_wconf 88' lang='lat' dir='ltr'><strong>nec</strong></span> <span class='ocrx_word' id='word_1_269' title='bbox 342 4266 509 4331; x_wconf 86' lang='lat' dir='ltr'><strong>canonicae</strong></span> <span class='ocrx_word' id='word_1_270' title='bbox 522 4265 762 4333; x_wconf 79' lang='lat' dir='ltr'><strong>admonitiones.</strong></span> <span class='ocrx_word' id='word_1_271' title='bbox 799 4266 885 4334; x_wconf 84' lang='lat' dir='ltr'><strong>Satis</strong></span> <span class='ocrx_word' id='word_1_272' title='bbox 898 4269 961 4333; x_wconf 88' lang='lat' dir='ltr'><strong>erit</strong></span> <span class='ocrx_word' id='word_1_273' title='bbox 973 4269 1117 4355; x_wconf 91' lang='lat' dir='ltr'><strong>proinde,</strong></span> <span class='ocrx_word' id='word_1_274' title='bbox 1129 4268 1157 4334; x_wconf 87' lang='lat' dir='ltr'><strong>si</strong></span> <span class='ocrx_word' id='word_1_275' title='bbox 1172 4269 1338 4336; x_wconf 86' lang='lat' dir='ltr'><strong>Praelatus</strong></span> <span class='ocrx_word' id='word_1_276' title='bbox 1352 4270 1437 4338; x_wconf 87' lang='lat' dir='ltr'><strong>hanc</strong></span> 
     </span>
     <span class='ocr_line' id='line_1_35' title="bbox 199 4369 1435 4461; baseline 0.004 -27"><span class='ocrx_word' id='word_1_277' title='bbox 199 4393 335 4457; x_wconf 87' lang='lat' dir='ltr'><strong>poenam</strong></span> <span class='ocrx_word' id='word_1_278' title='bbox 356 4369 515 4456; x_wconf 85' lang='lat' dir='ltr'><strong>infligens,</strong></span> <span class='ocrx_word' id='word_1_279' title='bbox 529 4369 666 4456; x_wconf 89' lang='lat' dir='ltr'><strong>simplici</strong></span> <span class='ocrx_word' id='word_1_280' title='bbox 685 4381 794 4435; x_wconf 88' lang='lat' dir='ltr'><strong>utatur</strong></span> <span class='ocrx_word' id='word_1_281' title='bbox 812 4382 1068 4459; x_wconf 68' lang='lat' dir='ltr'><strong>praeceptaque</strong></span> <span class='ocrx_word' id='word_1_282' title='bbox 1089 4373 1226 4440; x_wconf 88' lang='lat' dir='ltr'><strong>declaret</strong></span> <span class='ocrx_word' id='word_1_283' title='bbox 1246 4397 1282 4440; x_wconf 90' lang='lat' dir='ltr'><strong>se</strong></span> <span class='ocrx_word' id='word_1_284' title='bbox 1301 4397 1435 4461; x_wconf 89' lang='lat' dir='ltr'><strong>suspen-</strong></span> 
     </span>
     <span class='ocr_line' id='line_1_36' title="bbox 199 4472 1436 4553; baseline 0.006 -16"><span class='ocrx_word' id='word_1_285' title='bbox 199 4473 320 4538; x_wconf 85' lang='lat' dir='ltr'><strong>sionem</strong></span> <span class='ocrx_word' id='word_1_286' title='bbox 334 4473 375 4539; x_wconf 89' lang='lat' dir='ltr'><strong>ab</strong></span> <span class='ocrx_word' id='word_1_287' title='bbox 389 4473 538 4539; x_wconf 81' lang='lat' dir='ltr'><strong>exercitio</strong></span> <span class='ocrx_word' id='word_1_288' title='bbox 552 4495 713 4539; x_wconf 88' lang='lat' dir='ltr'><strong>sacrorum</strong></span> <span class='ocrx_word' id='word_1_289' title='bbox 728 4472 905 4541; x_wconf 86' lang='lat' dir='ltr'><strong>officiorum</strong></span> <span class='ocrx_word' id='word_1_290' title='bbox 921 4475 973 4542; x_wconf 85' lang='lat' dir='ltr'><strong>vel</strong></span> <span class='ocrx_word' id='word_1_291' title='bbox 991 4476 1271 4553; x_wconf 71' lang='lat' dir='ltr'><strong>ecclesiastieorum</strong></span> <span class='ocrx_word' id='word_1_292' title='bbox 1286 4478 1436 4545; x_wconf 85' lang='lat' dir='ltr'><strong>munium</strong></span> 
     </span>
     <span class='ocr_line' id='line_1_37' title="bbox 199 4576 473 4643; baseline 0 -1"><span class='ocrx_word' id='word_1_293' title='bbox 199 4576 348 4643; x_wconf 80' lang='lat' dir='ltr'><strong>indicere.</strong></span> <span class='ocrx_word' id='word_1_294' title='bbox 470 4624 473 4628; x_wconf 92' lang='lat'>-</span> 
     </span>
    </p>
   </div>
   <div class='ocr_carea' id='block_1_7' title="bbox 0 0 1645 5318">
    <p class='ocr_par' dir='ltr' id='par_1_11' title="bbox 0 0 1645 5318">
     <span class='ocr_line' id='line_1_38' title="bbox 0 0 1645 5318; baseline 0 0"><span class='ocrx_word' id='word_1_295' title='bbox 0 0 1645 5318; x_wconf 95' lang='lat' dir='ltr'><strong> </strong></span> 
     </span>
    </p>
   </div>
  </div>
 </body>
</html>
