3278 5318
575 1016 953 1130 umacus
1000 1017 1106 1122 VI.

376 1237 456 1356 Dc¹
476 1253 702 1360 Catholica
741 1255 998 1360 luventatis
1034 1255 1342 1366 Institutione

707 1655 925 1731 CAPUT
960 1657 998 1730 I.

439 1836 503 1913 Du
528 1839 699 1914 Sonoms
725 1838 981 1932 Cnnnomcm,
1006 1861 1266 1916 nanusuamu

632 1993 685 2045 na
720 1971 1066 2047 Pnaocnmmnua
1112 2074 1118 2086 „

485 2157 550 2250 §L
597 2155 654 2229 Dc
679 2155 826 2230 Summa
852 2180 975 2230 aarum
1000 2159 1215 2232 necessitate.

285 2319 368 2396 194.
403 2319 444 2394 Si
469 2320 549 2394 ullo
574 2344 746 2419 unquam
769 2325 956 2418 tempore,
974 2328 1077 2396 certo
1100 2322 1172 2396 hac
1190 2328 1323 2397 nostra
1340 2330 1464 2400 aetate

234 2432 405 2510 Ecclesia
423 2434 496 2510 Dei
519 2442 559 2510 et
583 2435 745 2534 spiritus
761 2435 904 2510 saeculi
928 2437 977 2511 de
999 2436 1226 2512 educatione
1244 2437 1464 2536 juventutis

234 2549 411 2626 mirando
426 2553 593 2651 quodam
613 2557 653 2627 et
668 2551 855 2627 acerrimo
869 2549 1074 2627 conflixere
1087 2553 1228 2628 duello
1274 2553 1464 2630 Homines

233 2665 336 2742 enim
365 2667 508 2766 spiritu
535 2669 735 2742 mundano
764 2667 921 2788 penitus
950 2666 1104 2762 imbuti,
1132 2669 1218 2766 jam
1249 2669 1386 2745 multis
1415 2671 1464 2746 ab

233 2781 355 2877 annia,
382 2783 535 2858 nullum
564 2808 642 2859 non
671 2790 833 2860 movent
856 2783 1040 2882 lapidem,
1067 2791 1111 2859 ut
1141 2785 1336 2860 Ecclesiae
1360 2788 1463 2885 quod

233 2895 318 2996 ipsa
342 2925 366 2975 a
390 2897 545 2975 Christo
570 2899 716 3005 accepit
736 2899 1168 2998 (Matth.xxv111.19.;
1194 2901 1316 2976 Marc.
1334 2922 1375 2975 x.
1395 2903 1458 2999 14)

232 3010 469 3090 Catholicam
496 3014 745 3115 juventutem
776 3015 939 3090 docendi
968 3040 1113 3091 munus
1142 3017 1321 3116 eripiant,
1352 3017 1461 3094 etin

231 3154 370 3206 manus
402 3131 595 3206 societatis
627 3130 754 3206 civilis
788 3132 948 3206 tradant
979 3131 1043 3207 vel
1077 3133 1247 3208 subdant
1283 3133 1462 3231 gubernii

231 3246 436 3322 saecularis
468 3245 663 3347 potestati.
725 3246 808 3322 Nec
835 3246 981 3322 mirum
1011 3247 1095 3324 hoc.
1160 3248 1222 3323 Ex
1250 3273 1327 3346 quo
1357 3248 1460 3323 enim

232 3360 457 3461 nequissimi
489 3361 551 3438 illi
583 3362 745 3462 spiritus
782 3362 1388 3489 indifferentismi‚&paturalismi
1422 3371 1461 3440 et

216 3477 498 3553 -materialismi
522 3478 736 3554 multorum
762 3478 912 3554 animos
937 3478 994 3554 ita
1018 3479 1257 3574 invase-eunt,
1275 3486 1320 3556 ut
1343 3481 1460 3555 finem

231 3618 275 3668 ac
289 3592 512 3670 felicitatem
535 3588 706 3669 hominis
730 3619 808 3669 non
832 3594 909 3669 nisi
931 3594 974 3671 in
997 3595 1069 3670 hac
1086 3596 1170 3671 vita
1192 3595 1400 3694 temporali
1422 3605 1461 3672 et

230 3710 376 3785 mundo
392 3709 586 3785 materiali
603 3710 738 3810 quaeri
755 3717 795 3787 et
810 3709 978 3786 inveniri
996 3736 1110 3810 posse
1126 3711 1390 3805 somniantum
1414 3737 1460 3787 ea

230 3849 322 3901 sane
337 3825 575 3903 educationis
591 3825 703 3922 rati0,
721 3852 822 3926 quae
843 3826 1042 3902 hominem
1060 3826 1178 3902 etiam
1195 3852 1239 3902 ac
1256 3827 1460 3927 praecipue

100 4042 103 4047 Ι
229 3939 419 4018 advitam
443 3943 617 4018 futuram
646 3949 686 4019 et
712 3942 994 4018 beatitudinem
1024 3948 1222 4018 aeternam
1248 3943 1397 4044 erigere
1420 3949 1460 4018 et

229 4056 396 4159 dirigere
411 4056 590 4153 intendit,
608 4057 697 4134 aliis
713 4058 873 4159 quidem
889 4059 1011 4134 stulta
1027 4065 1067 4135 et
1082 4058 1245 4152 inutilia,
1265 4059 1354 4135 aliis
1367 4082 1458 4134 vero

187 4182 190 4189 '
228 4174 291 4250 vel
328 4174 544 4275 perniciosa
576 4181 617 4252 et
649 4175 841 4251 abolenda
872 4198 956 4250 esse
989 4174 1170 4251 videatur
1203 4200 1356 4251 necesse
1389 4180 1457 4250 est.

228 4289 401 4367 Ecclesia
421 4298 565 4385 autem,
581 4290 692 4391 cujus
714 4291 810 4368 haec
831 4289 1079 4392 potissimum
1103 4299 1163 4369 est
1184 4291 1317 4367 missio
1343 4314 1460 4388 super

228 4413 384 4511 temam,
402 4414 447 4484 ut
465 4407 639 4508 singulos
661 4407 850 4502 homines,
867 4407 909 4483 in
926 4407 1162 4507 baptismate
1179 4407 1332 4483 Christo
1347 4430 1457 4482 rena·

228 4526 299 4617 tos,
318 4521 404 4623 jam
422 4524 590 4624 aprimo
606 4523 770 4598 rationis
788 4547 862 4598 usu
878 4522 920 4598 in
937 4522 1014 4598 viis
1030 4523 1207 4599 veritatis
1224 4529 1264 4599 et
1281 4521 1459 4621 justitiae

359 4642 401 4706 14
1286 4641 1328 4705 99
