3278 5318
208 469 271 534 282
698 483 944 533 aernunrx.

206 664 320 728 eosque
341 663 361 707 a
381 640 599 707 familiaritate
619 648 652 707 ct
671 641 831 709 consortio
850 640 1129 728 discipulorum,a
1148 640 1267 729 quibus
1288 640 1365 707 fidei
1387 640 1469 709 vel·

206 768 332 810 morum
362 745 539 831 periculum
575 744 742 811 imminere
768 745 880 832 possit,
907 766 964 811 seu
991 767 1130 832 quorum
1158 745 1301 831 corrupti
1336 767 1442 811 mores

206 847 335 931 fuerint,
351 849 483 913 omnino
501 856 629 914 arceant
646 859 743 935 atquc
759 849 958 935 prohibeant
1002 848 1100 914 Hanc
1111 858 1219 914 autem
1232 849 1441 914 1133333311313

205 950 411 1017 christianam
425 951 658 1017 institutionem
676 960 709 1016 et
727 950 944 1018 educationem
963 951 1073 1017 liberis
1086 952 1153 1017 suis
1166 950 1331 1038 impertire
1344 961 1441 1039 quot·

205 1064 285 1142 quot
303 1063 449 1141 parentes
463 1055 632 1142 negligunt
640 1081 650 1138 ;
672 1063 729 1121 aut
742 1055 799 1143 qui
820 1054 1021 1143 frequentare
1033 1079 1086 1121 eos
1099 1054 1210 1121 sinunt
1223 1055 1303 1121 tales
1315 1054 1442 1120 scholas

206 1158 373 1246 inquibus
393 1159 574 1224 animarum
594 1160 689 1225 ruina
709 1158 824 1225 evitari
846 1180 911 1224 non
931 1168 1046 1247 potest,
1060 1168 1118 1225 aut
1138 1158 1268 1224 tandem
1281 1159 1350 1245 qui,
1366 1157 1442 1223 licet

205 1262 313 1328 schola
335 1261 492 1328 catholica
516 1262 550 1327 in
574 1262 684 1328 eodem
710 1262 779 1328 loco
804 1262 918 1328 idonea
941 1261 1035 1345 adsit,
1058 1271 1195 1350 apteque
1218 1263 1385 1344 instmeta,
1407 1272 1441 1328 et

205 1375 325 1452 parata,
340 1388 396 1431 scu
410 1367 558 1453 quamvis
572 1366 755 1432 facultatem
769 1365 907 1432 habeant
926 1367 961 1430 in
974 1365 1039 1431 alia
1051 1366 1179 1454 regione
1193 1365 1315 1452 prolem
1329 1365 1441 1431 catho-

205 1468 265 1535 lice
291 1469 457 1553 educandi,
482 1469 693 1535 nihilominus
720 1470 927 1535 committunt
954 1493 1023 1535 earn
1051 1469 1168 1535 scholis
1197 1468 1344 1556 publicis,
1370 1470 1441 1535 sinc

204 1572 373 1638 sufficienti
398 1595 504 1657 causa,
527 1595 564 1638 ac
586 1573 654 1638 sine
678 1573 859 1638 necessariis
882 1572 1093 1657 cautionibus,
1116 1571 1235 1659 quibus
1258 1572 1439 1660 periculum

203 1676 417 1763 perversionis
441 1698 459 1741 e
483 1677 631 1763 proximo
659 1683 818 1741 remotum
847 1676 924 1742 fiat:
957 1699 1010 1741 eos
1035 1675 1062 1741 31
1087 1684 1287 1741 contumaces
1315 1675 1441 1741 fuerint

204 1778 329 1844 absolvi
357 1801 422 1844 non
448 1801 538 1865 posse
568 1779 601 1843 in
627 1788 822 1844 sacramento
850 1779 1060 1866 poenitentiae
1084 1802 1124 1844 ex
1149 1777 1294 1844 doctriua
1322 1777 1439 1844 morali

203 1881 358 1948 catholica
377 1882 585 1947 manifestum
606 1892 663 1949 est.

247 1985 338 2052 Haec
352 1985 519 2053 instructio
532 1986 667 2074 probata
680 1985 743 2052 fuit
758 1987 836 2053 feria
849 2005 911 2071 1v.,
928 1989 970 2052 24
985 1987 1181 2052 Novembris
1197 1989 1293 2053 1875.

395 2288 636 2365 Insrnucrro
661 2290 700 2364 S.
728 2289 920 2365 113111.
948 2289 1248 2376 Iuoursrrrours

578 2404 642 2479 Du
667 2405 795 2479 Sacra
822 2405 1062 2480 Massouuu.

650 2570 766 2658 [Adp.
786 2573 859 2654 137,
875 2593 901 2636 c.
917 2572 988 2658 nr]

245 2725 302 2793 Ad
322 2725 511 2813 gravissima
532 2722 704 2791 avertenda
726 2723 811 2789 13313
831 2747 851 2789 a
872 2724 1055 2790 1133333313
1074 2734 1158 2792 secta
1178 2726 1314 2814 aliisque
1334 2750 1377 2793 ex
1398 2750 1437 2793 ea

201 2830 365 2916 prognatis
384 2829 419 2893 in
438 2828 614 2894 Ecclesiam
632 2835 666 2893 et
684 2828 719 2892 in
739 2851 848 2893 omues
864 2828 986 2893 civium
999 2828 1128 2895 ordines
1141 2829 1241 2912 illata,
1255 2830 1312 2895 SS.
1328 2829 1374 2898 D.
1389 2831 1434 2897 N.

201 2932 269 2998 Leo
290 2931 401 2998 XIII.
419 2932 554 3018 sapienti
574 2954 705 3018 prorsus
727 2931 860 2997 concilio
882 2931 1067 3017 Eneyelicas
1088 2932 1228 2999 Litteras
1248 2931 1437 2999 Huntouum

206 3035 311 3102 Genua
326 3034 368 3100 ad
385 3058 494 3101 omues
508 3035 655 3100 catholici
670 3035 756 3100 orbis
771 3034 947 3121 Episcopus
964 3036 1147 3121 nuperrime
1160 3036 1260 3102 dedit.
1304 3037 1437 3117 Quibus

200 3139 334 3205 Litteris
354 3139 537 3205 carumdem
558 3147 714 3204 sectarum
734 3137 904 3221 doctrinas,
924 3139 1031 3222 finem,
1045 3139 1180 3205 consilia
1199 3139 1328 3227 detegit,
1342 3163 1436 3206 curas

201 3243 420 3310 Romanorum
446 3240 641 3308 Pontificum
665 3240 846 3307 liberandae
873 3264 894 3308 a
921 3250 988 3307 tam
1017 3242 1137 3309 nefaria
1161 3253 1248 3330 peste
1275 3242 1437 3311 humanae

200 3347 342 3414 familiae
356 3357 491 3430 enarrat,
505 3346 630 3412 easdem
649 3356 747 3410 sectas
764 3345 880 3411 iterum
898 3353 931 3412 et
950 3344 1027 3432 Ipse
1040 3346 1254 3413 damnationis
1272 3356 1306 3412 et
1323 3370 1436 3414 censu-

200 3474 253 3517 rae
267 3461 342 3517 uota
356 3451 457 3515 inurit
473 3449 634 3538 simulque
649 3449 750 3532 docet,
763 3471 829 3536 qua
841 3449 964 3515 ratione
977 3458 1009 3515 et
1023 3450 1142 3537 quibus
1155 3451 1253 3516 armis
1266 3452 1309 3516 sit
1323 3460 1436 3517 contra

76 3628 78 3633 ,
200 3554 272 3621 illas
286 3554 515 3637 dimicandum,
530 3553 710 3640 quibusque
722 3553 880 3637 remediis,
891 3552 992 3619 illatis
1004 3553 1046 3618 ab
1060 3552 1174 3619 iisdem
1188 3554 1378 3620 vulneribus
1390 3555 1436 3621 311

200 3657 496 3725 medendum—At
509 3680 581 3722 cum
596 3656 763 3722 Sanctitati
782 3657 865 3723 Suae
880 3667 1080 3745 perspectum
1094 3657 1147 3741 sit,
1161 3666 1233 3724 tum
1247 3657 1378 3727 demum
1392 3682 1435 3724 cx

199 3764 284 3829 euris
301 3762 369 3826 suis
388 3760 499 3826 uberes
518 3760 641 3826 fructus
659 3758 831 3847 sperandos
849 3783 926 3844 csse,
939 3783 1013 3826 cum
1035 3760 1070 3827 in
1092 3783 1159 3826 rem
1179 3761 1262 3826 tanti
1278 3762 1434 3828 momenti

200 3867 345 3932 omnium
371 3863 531 3930 Ecclesiae
552 3864 722 3930 Pastorum
747 3887 853 3951 opera,
874 3865 1017 3949 consilia,
1039 3864 1162 3931 labores
1187 3865 1333 3931 unanimi
1359 3866 1434 3932 3133

199 3970 412 4052 conferantur,
428 3967 595 4033 mandavit
615 3967 692 4033 huic
712 3967 886 4055 Supremas
903 3968 1151 4057 congregationi
1172 3968 1207 4035 S.
1222 3968 1388 4034 Romanae
1399 3980 1434 4035 ct

200 4072 403 4142 Universalis
413 4071 648 4159 Inquisitionis,
659 4081 696 4137 ut
710 4094 791 4158 quae
804 4071 927 4158 agenda
940 4072 1018 4158 ipsis
1029 4072 1216 4138 Pastoribus
1229 4073 1432 4159 potissimum

199 4186 311 4261 essent,
325 4186 399 4263 apte
417 4175 535 4241 eisdem
553 4183 752 4262 proponeret.
797 4175 926 4255 Quibus
944 4174 1072 4240 Summi
1088 4175 1255 4241 Pontificis
1273 4175 1434 4241 mandatis

199 4283 248 4348 uti
267 4305 326 4370 par
344 4288 393 4347 est
411 4279 666 4345 Eminentissimi
682 4278 793 4344 Patres
811 4301 878 4345 uua
895 4301 1020 4344 meeum
1040 4277 1251 4366 Inquisitores
1270 4278 1433 4366 generales

199 4409 319 4452 morem
333 4392 486 4472 gerentes,
501 4381 650 4449 omnibus
664 4381 833 4469 Episcopis
846 4382 981 4470 aliisque
995 4381 1137 4447 locorum
1152 4380 1336 4447 Ordinariis
1348 4381 1434 4448 hanc

199 4488 448 4555 Instructionem
463 4486 603 4552 dandam
616 4508 682 4551 esse
695 4494 893 4552 censuerunt.

244 4595 295 4658 10.
330 4591 497 4678 Imprimis
511 4599 681 4679 peroptans
694 4588 956 4655 elementissimus
971 4589 1124 4655 Pontifex
1137 4590 1319 4656 animarum
1333 4588 1432 4655 saluti
