3278 5318
240 519 304 580 244
733 529 976 578 neenumx.

235 706 370 792 pretium
389 706 488 770 cisum
508 713 559 788 est,
574 729 611 770 cc
630 704 858 772 Commentariis
880 702 1110 768 Bartholomoei
1128 701 1265 767 chortti
1286 707 1312 764 a
1331 699 1475 766 Oaietarri

240 810 369 885 dictiue
382 809 500 874 Medati
513 809 564 874 laic
576 810 670 873 ritum
683 810 852 890 adiungere
865 831 888 873 a
900 807 1053 872 sacerdote
1066 806 1340 888 comandamento
1353 811 1475 868 atram·

240 935 297 999 que
309 915 435 978 utacum
448 914 484 977 io
498 914 603 977 coclers
616 913 739 977 ecelesia
752 914 858 999 effeme
871 911 963 977 debet.

283 1015 359 1082 Hoc
381 1016 488 1104 itaque
510 1017 545 1080 in
566 1039 640 1082 casu
661 1016 805 1081 sacerdos
827 1024 900 1102 post
922 1014 1072 1080 haustum
1093 1015 1127 1079 in
1150 1015 1255 1101 prima
1277 1014 1375 1078 missa
1396 1011 1475 1077 dili-

177 1116 182 1130 '
239 1130 350 1208 genter
378 1120 575 1208 Sanguinem
604 1119 749 1203 Domini,
778 1120 896 1185 omissa
922 1127 1072 1184 consueta
1099 1118 1328 1205 purificatione,
1357 1126 1476 1203 patena

240 1223 368 1288 calicem
382 1234 415 1289 ct
429 1224 515 1311 palla
536 1233 684 1311 patenam
704 1232 814 1310 tegens
834 1246 871 1289 ac
891 1245 987 1309 snper
1000 1222 1164 1308 corporale
1179 1221 1374 1307 relinquens,
1389 1220 1477 1285 dicet

241 1327 357 1393 iunctis
371 1328 538 1394 manibus:
566 1328 658 1412 Quod
671 1350 723 1391 ore
735 1328 929 1413 campanica,
944 1324 1087 1410 Domine,
1100 1334 1159 1392 etc
1203 1324 1330 1390 Deinde
1342 1323 1475 1410 digitos,

240 1431 356 1518 quibus
379 1431 436 1498 SS.
458 1431 697 1497 Sacramentum
720 1430 835 1517 tetigit,
859 1431 895 1496 in
917 1430 1027 1517 aliquo
1048 1452 1125 1497 vase
1146 1429 1268 1494 mundo
1290 1426 1332 1494 ad
1355 1428 1417 1493 hoo
1439 1428 1477 1492 in

239 1534 333 1599 altari
355 1545 541 1621 praeparato
563 1534 680 1618 abluet,
698 1534 827 1600 interim
849 1534 976 1599 dicens:
996 1534 1115 1620 Corpus
1134 1540 1230 1617 tuum,
1245 1530 1389 1616 Domine,
1402 1542 1477 1616 etc,

239 1637 449 1725 abstersisque
470 1637 686 1725 purificatorio
706 1637 828 1725 digitis,
842 1637 971 1703 calicem
989 1638 1063 1704 velo
1084 1638 1250 1724 cooperiet,
1264 1637 1479 1724 velatumque

239 1749 337 1827 ponet
350 1763 445 1827 snper
458 1741 623 1828 corporale
636 1750 813 1807 extensum.
858 1741 1018 1808 Absoluta
1031 1741 1144 1824 Missa,
1158 1740 1187 1806 si
1208 1740 1299 1806 nulla
1320 1740 1357 1804 in
1377 1739 1479 1805 eccle-

238 1845 286 1910 sia
306 1844 350 1909 sit
371 1844 523 1929 sacristia,
544 1845 674 1910 culicem
695 1845 806 1910 eodem
827 1844 923 1910 modo
943 1868 1040 1932 snper
1059 1844 1159 1910 altare
1178 1844 1357 1932 relinquct3
1386 1866 1480 1910 secus

240 1971 317 2013 vero
346 1948 382 2012 in
407 1949 583 2013 sacristiam
607 1947 737 2032 deferet,
764 1949 872 2036 ibique
899 1972 994 2036 super
1018 1948 1182 2035 conporale
1206 1948 1259 2014 vel
1287 1947 1409 2035 pallam
1440 1948 1479 2013 in

240 2051 349 2139 aliquo
363 2052 434 2118 loco
448 2052 572 2117 decenti
592 2060 626 2117 et
646 2051 753 2117 clauso
774 2052 941 2118 collocabit
962 2073 1064 2140 usque
1083 2051 1125 2118 ad
1139 2052 1309 2117 secundam
1323 2052 1478 2134 missam;

240 2155 275 2219 in
295 2179 369 2242 qua,
384 2179 469 2220 cum«
480 2155 590 2223 eodem
611 2156 707 2221 calice
726 2156 777 2221 uti
797 2155 918 2240 debeat,
933 2156 1029 2221 illum
1042 2179 1154 2222 rursus
1171 2179 1278 2221 secum
1292 2154 1414 2221 deferet
1435 2156 1480 2222 acl

240 2258 348 2343 altare,
362 2283 400 2325 ae
413 2282 509 2346 super
523 2260 685 2346 corporale
698 2269 866 2324 extensum
879 2269 1020 2346 reponet.
1064 2260 1150 2328 Cum
1169 2268 1275 2325 autem
1289 2259 1324 2324 in
1337 2258 1481 2326 secunda

241 2363 337 2428 missa
357 2362 501 2428 sacerdos
521 2362 565 2428 ad
585 2362 782 2429 offertorium
803 2362 978 2447 devenerit,
992 2362 1099 2429 ablato
1114 2363 1186 2430 velo
1206 2363 1248 2429 de
1267 2363 1375 2446 calice,
1389 2362 1481 2430 hunc

240 2489 412 2553 parumper
425 2488 538 2532 versus
558 2489 657 2531 cornu
679 2467 831 2553 epistolae
843 2466 1021 2550 collocabit,
1035 2467 1090 2533 sed
1111 2489 1178 2532 non
1199 2477 1289 2533 extra
1302 2466 1480 2554 corporale,

241 2568 385 2656 factaque
405 2569 528 2636 hostiae
544 2570 713 2653 oblatione,
729 2571 853 2635 cavebit
873 2593 914 2635 ne
934 2571 1151 2657 purificatorio
1170 2579 1315 2658 extergat
1334 2570 1479 2655 calicem,

240 2671 294 2738 scd
323 2695 398 2738 eum
426 2672 512 2739 intra
535 2673 697 2760 corporale
725 2673 905 2761 relinquens
930 2674 1044 2740 leviter
1067 2673 1217 2758 elevabit,
1243 2674 1423 2761 vinumque
1446 2684 1482 2741 et

240 2798 357 2863 aquam
371 2774 474 2841 eidem
488 2786 580 2841 caute
594 2777 747 2862 imponet,
761 2799 802 2841 ne
815 2787 925 2863 guttae
945 2777 1071 2864 aliquae
1091 2775 1133 2843 ad
1155 2777 1240 2843 labia
1254 2777 1356 2864 ipsius
1369 2777 1481 2845 calicis

240 2878 397 2963 resileant,
421 2902 517 2966 quem
541 2879 657 2944 deinde
680 2879 863 2946 nullatenus
887 2880 929 2946 ab
954 2881 1041 2946 intus
1065 2881 1242 2947 alstersum
1267 2903 1356 2947 more
1380 2881 1482 2948 solito

242 2981 361 3049 offeret.

299 3268 525 3344 Rasrousro
550 3270 588 3345 S.
616 3271 660 3346 Ο.
688 3293 741 3344 cn
767 3271 979 3346 Barnrsuo
1007 3266 1340 3348 Hananmconom
1367 3292 1420 3348 nr

583 3385 859 3461 Manmuomo
890 3387 1133 3464 blasconam.

685 3551 759 3638 [aa
767 3576 804 3638 p.
822 3557 874 3636 oo,
889 3577 921 3619 u.
939 3555 1030 3641 ma]

241 3704 355 3772 Rmua
370 3706 524 3775 Vicarius
543 3705 750 3792 Apostolicus
770 3706 990 3793 Bombajcnsis
1009 3709 1158 3794 exposuit
1174 3708 1338 3796 sequentia
1354 3707 1478 3777 dubia:

284 3808 314 3876 I.
345 3808 503 3876 Minoe.-
546 3809 680 3893 Utrum,
702 3810 832 3896 quando
856 3818 929 3897 post
953 3810 1140 3898 diligentem
1170 3812 1408 3899 indagationem
1436 3811 1480 3879 cle

240 3913 351 3978 valore
379 3912 531 4000 baptismi
559 3935 579 3978 a
607 3914 756 3977 ministro
784 3913 940 3979 haeretico
964 3914 1071 3980 collati
1101 3914 1186 3980 nihil
1210 3916 1389 3982 constiterit
1413 3916 1478 3983 nisi

241 4016 452 4082 ministellum
477 4017 691 4103 baptizantem
716 4016 906 4104 pertinuisse
933 4017 974 4083 ad
999 4029 1116 4084 sectam
1138 4018 1364 4107 Anglicenam,
1385 4021 1481 4087 cuius

242 4120 372 4186 Rituale
385 4119 528 4188 validam
542 4120 727 4206 praescribit
740 4120 905 4185 materiam
919 4131 951 4187 et
969 4120 1116 4205 sormam,
1131 4121 1192 4189 hoo
1205 4121 1326 4188 sadum
1338 4122 1481 4191 sufficiat

240 4224 282 4291 ad
302 4223 565 4311 praesumendam
584 4221 735 4308 baptismi
749 4222 959 4308 validitatem,
975 4225 1021 4290 ita
1033 4235 1071 4291 ut
1089 4224 1131 4290 ed
1151 4225 1236 4291 licite
1248 4225 1481 4293 conferendum

242 4328 399 4414 baptisma
411 4326 664 4392 conditionatum
677 4325 807 4411 speciali
825 4337 1012 4413 argumento
1032 4328 1161 4415 probari
1174 4327 1289 4394 debeat
1300 4330 1369 4394 eius
1382 4329 1482 4397 inva-

242 4431 367 4513 liditas;
385 4453 429 4496 an
442 4452 520 4497 vero
533 4429 692 4516 praesumi
706 4428 819 4494 debeat
832 4430 1018 4497 invaliditas
1032 4431 1182 4518 baptismi
1196 4455 1217 4498 a
1229 4431 1288 4498 tali
1303 4431 1482 4501 ministello

241 4534 359 4617 collati,
375 4535 419 4599 ita
434 4542 471 4599 ut
484 4532 627 4598 sacerdos
641 4533 675 4596 in
691 4532 749 4597 tali
763 4555 837 4597 oesu
851 4532 1065 4601 conditionate
1078 4534 1277 4623 rebaptizans
1291 4535 1483 4624 irregulari·

243 4646 339 4703 tatem
354 4660 420 4704 non
434 4637 585 4702 incurrat.
