3278 5318
238 493 303 558 300
731 508 974 558 arrnnnrx.

233 673 311 730 tuno
323 664 410 751 apud
432 666 535 753 ipsam
554 664 753 752 comprobari
772 663 867 731 debet
884 664 989 752 culpa,
1004 688 1087 752 qnae
1099 665 1201 732 eidem
1215 666 1363 755 praebuit
1382 692 1472 736 osea-

233 769 365 835 sionem.
410 768 605 834 Consultum
618 769 736 834 ideirco
749 770 820 853 erit,
835 778 873 835 ut
885 778 1056 856 antequam
1077 768 1155 835 haeo
1175 794 1278 857 poena
1292 771 1470 859 infligatur,

233 873 435 959 probationes
456 872 556 957 illius,
576 873 786 960 quantumvis
813 872 1097 939 extraiudicialiter
1116 881 1149 940 et
1170 884 1289 940 secroto
1314 874 1471 962 colligan-

232 984 306 1058 tur3
327 976 373 1041 ita
387 986 474 1042 uteo
489 976 569 1063 ipso,
584 976 671 1064 quod
685 976 863 1042 cumomni
876 975 1066 1042 certitudine
1078 977 1309 1064 culpabilitatis
1323 979 1359 1043 in
1373 978 1470 1065 puni-

232 1080 319 1145 tione
341 1080 506 1146 inferenda
528 1079 720 1167 proceditur,
741 1080 770 1145 si
791 1079 939 1166 deinceps
960 1103 1054 1146 eausa
1076 1081 1289 1149 examinanda
1311 1091 1360 1148 est
1381 1082 1469 1169 apud

232 1183 453 1270 Apostolioam
478 1184 603 1269 Sedem,
623 1184 825 1272 probationes
848 1184 992 1250 oriminis
1017 1185 1053 1249 in
1077 1207 1129 1251 eas
1153 1183 1356 1251 difficultates
1383 1185 1469 1252 haud

232 1287 423 1375 impingant,
438 1311 520 1376 quae
534 1298 571 1353 ut
585 1288 762 1375 plurimum
775 1296 947 1353 occurrunt
960 1289 995 1353 in
1009 1288 1189 1355 istiusmodi
1206 1289 1343 1357 iudiciis.

277 1395 329 1458 11.
358 1391 393 1458 Α
418 1392 543 1458 decreto
566 1392 782 1480 suspensionis
805 1415 847 1457 ex
871 1391 1044 1458 informata
1067 1393 1257 1460 oonseientia
1281 1417 1348 1460 non
1372 1395 1470 1461 datur

231 1496 404 1583 appellatio
418 1496 460 1562 ad
481 1496 623 1562 tribunal
637 1495 810 1583 superioris
823 1495 954 1562 ordinis.
1001 1495 1176 1582 Postquam
1197 1497 1317 1565 idcireo
1337 1499 1470 1565 clericus

231 1601 465 1666 intimationem
493 1600 710 1687 suspensionis
738 1598 896 1682 habuerit,
921 1600 950 1665 si
978 1600 1192 1667 nihilominus
1218 1602 1469 1688 appellationem

231 1705 440 1792 interponere,
462 1705 594 1791 eiusque
617 1704 751 1771 obtentu
771 1704 807 1769 in
827 1704 922 1769 altari
947 1705 1137 1788 ministrare,
1157 1728 1212 1770 seu
1234 1707 1352 1792 quovis
1373 1707 1470 1773 modo

231 1830 326 1873 suum
356 1808 501 1873 ordinem
535 1807 720 1872 solemniter
748 1828 891 1872 exeroere
923 1816 1113 1894 praesumat,
1142 1809 1252 1873 statim
1281 1809 1397 1875 incidit
1432 1810 1469 1876 in

107 1910 112 1917 ’
230 1910 508 1999 irregularitatem.

276 2017 329 2083 12.
358 2014 490 2102 Semper
502 2023 609 2080 tamen
623 2024 712 2102 patet
731 2013 838 2080 aditus
851 2013 893 2079 ad
907 2014 1127 2101 Apostolioam
1142 2015 1276 2099 Sedem3
1298 2018 1380 2082 etin
1395 2041 1470 2084 ausu

230 2141 295 2207 quo
309 2119 440 2185 clericus
454 2120 573 2205 absque
593 2117 762 2184 sufficienti
776 2142 813 2183 ao
826 2118 1009 2183 rationabili
1024 2143 1118 2185 eausa
1138 2142 1172 2185 se
1193 2119 1253 2185 hae
1266 2143 1370 2207 poena
1384 2122 1470 2187 mul·

230 2230 334 2289 tatum
354 2232 489 2309 reputet,
511 2244 669 2287 recurrero
691 2222 809 2308 poterit
829 2220 871 2287 ad
892 2220 1063 2286 Summum
1086 2222 1283 2290 Pontificem.
1330 2223 1471 2290 Interim

229 2334 335 2392 tamen
350 2327 385 2390 in
401 2327 511 2414 vigore
531 2334 695 2413 permanet
714 2324 876 2390 decretum
897 2327 1111 2411 suspensionis
1133 2325 1327 2412 usquedum
1341 2327 1384 2393 ab
1398 2327 1470 2415 ipso

231 2429 396 2514 Pontifioe,
410 2430 464 2497 vel
478 2453 498 2495 a
512 2429 545 2497 S.
562 2429 822 2517 Congregatione,
837 2450 918 2515 quae
932 2428 972 2494 de
985 2430 1114 2494 reou'rsu
1129 2429 1268 2496 iudicare
1282 2431 1386 2515 debet,
1403 2454 1469 2497 non

231 2533 327 2599 fuerit
341 2534 508 2600 rescissum
521 2542 579 2599 aut
592 2535 688 2599 etiam
703 2531 913 2599 moderatum.

275 2640 327 2704 13.
354 2637 505 2704 Ceterum
520 2661 561 2702 ex
574 2661 640 2724 quo
654 2635 834 2702 istiusmodi
848 2658 951 2722 poena
964 2645 1012 2701 est
1025 2637 1201 2703 remedium
1213 2639 1346 2705 omnino
1360 2650 1469 2706 extra-

229 2740 437 2823 ordinarium,
449 2739 536 2828 quod
551 2740 737 2827 praesertim
750 2738 792 2805 ad
806 2739 1020 2825 expiationem
1035 2741 1206 2806 criminum
1220 2742 1341 2829 absque
1354 2743 1470 2809 formis

230 2844 406 2909 iudiciariis
426 2844 606 2928 adhibetur,
629 2866 705 2931 prae
727 2843 828 2909 oeulis
849 2842 987 2909 habeant
1010 2843 1151 2910 Praelati
1173 2845 1209 2911 id
1230 2846 1318 2933 quod
1339 2848 1469 2934 sapien-

229 2948 351 3014 tissime
370 2947 521 3013 admonet
541 2947 696 3013 Summus
717 2946 872 3013 Pontifex
895 2969 922 3014 s.
945 2971 989 3014 m.
1012 2947 1205 3014 Benedictus
1227 2949 1335 3019 XIV.
1350 2951 1387 3015 in
1408 2973 1469 3017 suo

229 3061 367 3119 tractatu
387 3052 427 3116 de
446 3052 572 3138 Synorlo
593 3051 741 3135 Dioeoes,
756 3052 777 3118 l.
792 3069 861 3118 ΧΠ.
876 3073 902 3118 o.
919 3055 950 3118 8.
967 3074 1000 3118 a.
1017 3055 1060 3136 6.,
1073 3051 1161 3140 quod
1183 3053 1339 3118 nimirum
1362 3077 1469 3142 repre·

229 3156 396 3222 hensibilis
410 3155 492 3222 foret
508 3156 695 3243 Episcopus,
709 3155 737 3221 si
752 3154 786 3220 in
800 3177 859 3221 sua
874 3154 998 3241 synodo
1012 3155 1195 3239 declararet,
1210 3180 1244 3222 se
1257 3157 1408 3244 deinoeps
1425 3181 1468 3224 ex

228 3261 356 3348 privata
369 3269 496 3326 tantum
510 3259 642 3326 seientia
660 3282 734 3324 oum
746 3281 850 3346 poena
862 3259 1077 3344 suspensionis
1090 3283 1111 3325 a
1124 3260 1246 3326 divinis
1259 3261 1466 3328 animadver-

229 3387 340 3429 surum
355 3364 389 3428 in
404 3364 543 3447 elericos,
554 3386 635 3451 quos
647 3364 789 3451 graviter
799 3362 970 3450 deliquisse
980 3365 1177 3450 oompererit,
1188 3367 1338 3451 quamvis
1351 3388 1465 3432 eorum

229 3466 383 3533 delictum
397 3491 463 3533 non
476 3468 579 3555 possit
599 3468 635 3532 in
656 3466 728 3532 foro
749 3474 881 3531 externo
899 3467 1123 3533 oonoludenter
1144 3468 1285 3556 probari,
1299 3477 1357 3534 aut
1378 3469 1466 3536 illud

228 3594 294 3637 non
308 3572 458 3657 expediat
472 3572 508 3636 in
521 3571 660 3636 aliorum
675 3570 823 3635 notitiam
837 3569 1001 3638 deducere.

272 3673 395 3741 Romae
408 3697 450 3740 ex
464 3674 610 3739 Aedibus
624 3674 658 3741 S.
674 3673 712 3741 Ο.
727 3672 768 3739 de
782 3672 881 3759 Prop.
897 3673 980 3740 Fide
994 3674 1046 3740 dia
1061 3678 1104 3740 20
1118 3675 1269 3741 Octobris
1285 3679 1383 3743 1884.
