3278 5318
291 501 315 547 n
344 500 790 548 consanoarromaus
820 501 1030 549 Parvarrs
1059 503 1305 550 nxcsarrn.
1353 485 1436 549 lxvii

202 656 285 741 deat,
300 656 440 743 Angliea
460 656 640 744 Scripturas
661 657 773 724 Sacrae
792 659 907 724 versio.
952 658 1045 726 Utile
1066 658 1134 725 fore
1149 659 1318 746 judicavit,
1339 669 1376 724 ut
1396 658 1437 724 ad

204 762 380 848 Episcopos
407 762 553 826 omnium
582 762 760 848 regionum,
781 761 838 826 ubi
864 762 1003 848 Angliee
1032 763 1221 850 loquuntur,
1246 762 1307 828 hac
1335 764 1376 829 de
1404 785 1439 829 re

202 865 367 932 scribatur.
420 866 622 952 Responsum
643 874 692 931 est
711 865 752 949 ei,
773 864 834 930 hoc
862 866 898 930 in
927 865 1074 932 Concilio
1103 866 1254 932 Plenario
1283 866 1438 953 superiori

202 970 400 1056 propositum
413 969 518 1052 fuisse,
529 969 650 1057 diuque
663 969 704 1035 de
717 970 874 1057 ejusmodi
888 970 1034 1037 versione
1048 969 1235 1036 deliberasse
1251 971 1372 1054 PatreS,
1383 970 1438 1036 sed

204 1074 285 1138 nihil
296 1073 443 1139 effectum
454 1073 563 1141 fuisse.
600 1074 717 1140 Noluit
726 1073 809 1139 alius
821 1074 1001 1161 Episcopus
1011 1074 1072 1140 hac
1082 1073 1122 1140 de
1133 1097 1167 1138 re
1175 1074 1309 1161 ulterius
1319 1074 1438 1139 delibe-

204 1177 339 1242 randum
350 1203 360 1260 3
384 1179 475 1264 cujus
493 1178 649 1243 sententia
670 1200 736 1244 non
755 1179 864 1264 paucis
885 1179 1016 1265 placuit.
1062 1179 1190 1265 Rejecta
1208 1186 1315 1244 tamen
1337 1178 1401 1243 fuit
1418 1200 1438 1244 a

204 1280 364 1365 Patribus,
385 1280 544 1368 ajentibus
564 1280 683 1368 viginti
708 1291 740 1346 et
765 1292 845 1365 octo,
868 1283 1058 1369 negantibus
1084 1292 1154 1348 octo
1176 1304 1273 1368 supra
1293 1282 1436 1367 triginta.

204 1385 394 1451 Laudarunt
419 1385 528 1472 plures
549 1386 728 1452 versionem
758 1386 869 1453 Rdmi.
900 1385 1059 1469 Kenrick,
1088 1385 1328 1473 Archiepiscopi
1359 1386 1437 1452 olim

203 1489 454 1572 Baltimorensis,
463 1489 646 1576 praesertim
661 1489 703 1555 ob
714 1491 944 1574 annotationes,
957 1489 1068 1556 breves
1079 1490 1209 1577 quidem
1224 1488 1278 1554 sed
1293 1489 1437 1555 doctrina

202 1602 234 1660 et
253 1594 371 1681 pictate
391 1594 531 1660 refertas.
577 1593 778 1660 Censuerunt
797 1593 904 1659 denno
926 1594 1183 1681 imprimendam,
1204 1594 1308 1659 forma
1329 1603 1436 1659 tamen

202 1698 348 1763 omnium
373 1697 447 1762 usui
471 1698 574 1784 magis
598 1697 844 1764 accommodata.
889 1698 1026 1763 Notavit
1047 1696 1185 1764 Rdmus.
1208 1698 1242 1764 S.
1266 1698 1435 1780 Ludovici‚

203 1802 380 1868 versionem
402 1801 513 1867 Rdmi.
536 1801 684 1866 Kenrick
705 1824 770 1866 non
795 1824 862 1867 esse
882 1802 1060 1867 versionem
1083 1801 1211 1888 proprie
1232 1801 1359 1884 dictam,
1381 1799 1436 1867 sed

202 1928 319 1972 novam
333 1905 441 1992 potius
452 1905 620 1970 Duaeenae
630 1905 785 1970 versionis
796 1904 1018 1972 recensionem.
1064 1904 1198 1971 Censuit
1207 1905 1289 1970 alius
1301 1905 1435 1969 Patrum

203 2011 318 2074 iterum
329 2009 438 2096 praelo
448 2007 707 2074 committendam
718 2007 800 2074 hanc
810 2009 1023 2074 recensionem
1034 2032 1099 2074 una
1110 2031 1182 2073 cum
1193 2009 1288 2074 notis.
1329 2009 1435 2089 Quae·

202 2112 345 2178 rentibus
357 2112 549 2199 quibusdam
564 2111 605 2177 de
618 2110 823 2197 imprimendi
832 2113 907 2198 jure
921 2110 1106 2200 (copyripltt)
1121 2110 1284 2198 respondit
1298 2111 1435 2178 Rdmus.

202 2215 236 2282 S.
252 2216 424 2300 Ludoviei,
438 2215 466 2281 si
487 2215 566 2306 quid
583 2214 668 2301 juris
682 2214 829 2302 supersit,
844 2239 941 2303 penes
962 2239 995 2280 se
1017 2238 1091 2299 esse,
1106 2215 1158 2280 cui
1180 2224 1287 2281 tamen
1302 2214 1436 2281 libenter

202 2321 441 2386 renuntiaturus
455 2329 505 2385 sit.

290 2494 401 2562 VIII.
432 2494 489 2558 Da
512 2494 622 2560 Bours
644 2495 926 2561 Eccnmmsruors
949 2495 1196 2560 churnaruu
1220 2494 1349 2560 Cusas

722 2600 919 2667 Couurssrs.

246 2732 290 2799 In
304 2732 546 2821 congregatione
559 2732 721 2820 trigesima
735 2733 840 2819 prima
853 2733 990 2819 privata,
1004 2755 1087 2821 quae
1106 2731 1171 2796 fnit
1184 2730 1309 2814 ultima,
1325 2731 1437 2796 Patres

202 2838 378 2924 probarunt
391 2859 526 2924 sequens
540 2836 701 2902 decretum
714 2863 721 2902 :

247 2944 268 2979 “
278 2941 443 3007 Praeterea
463 2948 611 3007 statuunt
632 2941 729 3027 hujus
751 2940 889 3008 Concilii
914 2941 1037 3025 Patres,
1056 2948 1094 3005 ut
1116 2939 1200 3005 bona
1220 2938 1436 3022 ecelesiastica,

201 3043 272 3112 sive
283 3042 426 3110 eeclesiae
439 3044 507 3110 sint
520 3044 589 3111 sive
599 3045 725 3111 scholae
738 3045 807 3111 sive
821 3045 936 3110 domus
957 3043 1152 3131 parochiales
1167 3043 1235 3109 sive
1256 3043 1320 3108 alia
1341 3065 1436 3129 quae-

201 3171 348 3235 cumque,
363 3170 444 3236 quae
464 3148 633 3214 afamiliis
654 3148 828 3236 Religiosis
848 3148 1123 3232 administrantur,
1137 3147 1193 3213 sed
1214 3169 1272 3233 per
1293 3145 1437 3211 fidelium

202 3252 348 3318 collectas
371 3252 408 3317 in
431 3275 527 3331 usum
555 3252 722 3340 parochiae
749 3275 806 3318 seu
836 3252 995 3317 missionis
1019 3252 1181 3317 aedificata
1203 3261 1261 3316 aut
1282 3250 1436 3337 aequisita

203 3356 343 3441 fuerunt,
357 3356 581 3443 possideantur
594 3354 703 3421 eadem
719 3355 823 3421 forma
835 3379 873 3420 ac
886 3356 1025 3439 nomine,
1041 3378 1104 3442 quo
1119 3354 1323 3441 possidentur
1336 3362 1437 3420 cetera

203 3461 288 3527 bona
314 3460 456 3547 ejusdem
477 3459 601 3546 generis
625 3483 684 3547 per
708 3459 898 3544 Dioecesim,
921 3469 954 3525 et
978 3459 1038 3524 sub
1064 3459 1236 3524 directione
1265 3458 1436 3545 Episcopi;

202 3587 269 3631 non
282 3563 465 3652 Religiosae
485 3563 626 3629 familiae
650 3563 789 3648 nomine,
804 3586 886 3651 quae
911 3563 996 3629 bona
1018 3561 1203 3649 hujusmodi
1226 3561 1435 3628 administrat

246 3667 395 3733 “Omnes
415 3667 579 3733 charitatis
603 3676 635 3733 ct
658 3667 878 3733 beneficentiae
896 3667 1111 3732 institutiones
1134 3665 1342 3747 dioecesanae,
1357 3688 1437 3752 quae

202 3771 325 3839 collatis
339 3764 649 3859 fidelium'peeuniis
663 3781 783 3837 erectae
802 3770 935 3836 fuerunt
955 3795 992 3837 ac
1013 3780 1241 3853 sustentantur,
1256 3768 1435 3856 possidean-

201 3888 257 3942 tur
269 3874 379 3942 eodem
393 3876 524 3940 nomine
536 3899 573 3940 ac
586 3875 692 3960 titulo,
707 3898 772 3963 quo
794 3875 919 3963 reliqua
932 3875 1082 3940 dioecesis
1096 3874 1180 3940 bona
1201 3872 1262 3937 sub
1284 3873 1435 3960 Episcopi

201 3979 383 4063 directione,
405 3980 496 4065 cujus
521 3979 583 4045 erit
606 3989 726 4045 attente
748 3978 885 4067 vigilare
904 4001 945 4044 ne
971 3977 1155 4065 hujusmodi
1178 3977 1393 4042 institutiones
1417 4000 1436 4042 a

202 4082 257 4170 pio
271 4084 345 4165 fine,
357 4082 421 4148 sibi
434 4106 455 4148 a
468 4082 694 4148 fundatoribus
710 4083 908 4171 praestituto,
923 4104 1125 4170 quocumque
1139 4089 1306 4169 praetextu
1324 4079 1437 4145 deflec-

203 4184 345 4253 tantur.”

234 4305 369 4361 Noas
380 4308 409 4361 C.
420 4307 455 4361 de
465 4308 496 4361 P.
509 4308 540 4361 F.
548 4308 693 4361 consultius
703 4325 758 4361 esse
765 4308 844 4360 duxit
855 4307 906 4360 hoc
916 4307 1050 4360 decretum
1062 4324 1115 4359 non
1126 4323 1180 4359 esse
1190 4303 1366 4370 retinendum,
1376 4321 1436 4357 eum

202 4390 392 4459 haecqnaestio
399 4391 504 4459 plenius
512 4408 566 4443 non
574 4391 656 4443 fuerit
663 4391 823 4444 examinata.
851 4389 1142 4442 “Animadvertendum
1148 4397 1237 4442 tamen
1246 4395 1291 4452 est,
1298 4387 1435 4439 Summum

201 4473 366 4542 Pontificem,
377 4475 440 4527 licet
456 4475 526 4527 hanc
541 4474 568 4527 S.
580 4474 796 4541 Congregationis
814 4473 1001 4526 resolutionem
1018 4471 1212 4540 approbaverit,
1227 4469 1348 4535 voluisse,
1361 4477 1391 4522 ut
1406 4468 1436 4521 in

201 4557 291 4609 tuturo
302 4557 421 4611 Concilio
436 4557 562 4610 Plenario
571 4574 695 4625 praesens
705 4557 824 4625 quaestio
834 4556 921 4610 denuo
931 4555 965 4608 ad
976 4556 1105 4609 trutinam
1120 4554 1226 4624 plenius
1242 4551 1434 4605 revocaretur.”

204 4638 645 4709 (mmearasaeusc.
655 4640 689 4695 ae
700 4640 732 4696 r.
743 4641 782 4709 r,
794 4642 826 4694 17
838 4641 904 4707 oa,
916 4638 1001 4708 raas.)
