3278 5318
410 519 465 572 us
493 520 784 567 commeamus
813 515 1217 565 1uvasrroarrorr1s.
1366 499 1430 562 295

199 674 296 763 cipiat
310 675 489 762 Episcopus
509 675 672 741 silentium
693 675 888 742 servandum
902 673 943 739 de
964 674 1014 758 iis,
1029 696 1110 762 quae
1124 673 1158 736 in
1174 670 1317 738 Consilio
1338 671 1430 737 audi-

198 788 313 863 antur3
338 788 467 845 moneat
486 779 765 866 investigationem
786 801 852 843 non
872 801 938 844 esse
959 800 1140 865 processum
1162 775 1353 858 iudicialem,
1375 774 1430 841 sed

198 904 237 948 eo
256 883 320 948 fine
340 882 493 967 habitam,
507 891 540 950 et
560 906 596 948 eo
618 882 714 948 modo
735 881 920 964 faciendam,
935 892 973 946 ut
993 880 1035 946 ad
1056 881 1268 968 cognitionem
1286 879 1430 946 veritatis

197 984 395 1074 diligentiori
421 1010 486 1075 qua
511 987 628 1074 poterit
654 986 777 1052 rationo
800 985 1016 1074 perveniatur,
1041 985 1121 1050 adeo
1146 992 1183 1050 ut
1212 984 1430 1070 unusquisque

198 1091 407 1176 musiliarius,
435 1092 598 1180 perpensis
625 1091 786 1172 omnibus,
815 1089 997 1176 opinionem
1026 1089 1067 1154 de
1095 1089 1229 1155 veritate
1260 1087 1428 1172 factorum,

197 1194 315 1284 quibus
343 1218 438 1262 causa
465 1196 625 1278 innititur,
654 1194 819 1260 effomrare
845 1216 944 1282 quam
971 1202 1115 1258 accurate
1143 1191 1251 1279 possit
1297 1192 1430 1258 Maneat

197 1299 292 1365 etiam
307 1299 441 1387 nequid
455 1298 490 1364 in
504 1299 748 1387 investigatione
761 1299 828 1382 fiat,
841 1297 929 1385 quod
944 1306 1000 1362 aut
1014 1297 1110 1382 ipsae,
1124 1306 1181 1362 aut
1194 1297 1274 1361 alios
1288 1295 1429 1382 periculo

197 1400 308 1468 damni
332 1402 387 1471 vel
410 1403 609 1491 gravaminis
632 1411 781 1489 exponat,
806 1402 991 1489 praesertim
1016 1423 1057 1466 ne
1082 1400 1170 1465 locus
1194 1398 1288 1465 detur
1312 1398 1429 1464 actioni

197 1504 300 1572 libelli
313 1507 439 1591 famosi,
452 1506 507 1576 vel
520 1506 577 1572 alii
590 1507 778 1593 cuicumque
792 1506 950 1593 processui
964 1527 1069 1570 coram
1085 1504 1238 1570 tribunali
1251 1504 1350 1570 civili.

242 1614 272 1678 6.
298 1611 426 1678 Relatio
439 1634 551 1677 causae
563 1610 689 1698 legatur
707 1632 813 1676 coram
831 1609 974 1675 Consilio
991 1609 1032 1674 ab
1052 1608 1205 1694 Episcopi
1219 1607 1355 1690 officiali,
1371 1608 1427 1695 qui

196 1714 292 1781 etiam
303 1714 344 1780 ad
359 1714 627 1803 interpellationes
637 1713 839 1800 respondebit
853 1736 872 1779 a
887 1712 1029 1800 praeside
1040 1713 1093 1779 vel
1107 1713 1149 1778 ab
1159 1712 1231 1777 aliis
1241 1712 1428 1777 consiliariis

196 1840 254 1907 per
266 1820 444 1906 praesidem
458 1818 617 1884 faciendas
629 1817 672 1883 ad
685 1817 863 1883 uberiorem
877 1818 923 1883 rei
938 1818 1085 1883 notitiam
1100 1816 1336 1904 assequendam.

241 1922 272 1990 7.
316 1922 442 1988 Deinde
469 1921 505 1987 in
530 1921 711 1988 Consilium
739 1920 960 1986 introducatur
987 1930 1089 1986 rector
1118 1921 1345 2004 missionarius,
1370 1921 1428 2008 qui

196 2048 381 2114 responsum
408 2050 429 2092 a
456 2048 490 2091 sc
517 2025 695 2091 confectum
728 2024 821 2111 leget,
850 2034 883 2090 et
910 2025 952 2089 ad
981 2024 1252 2110 interpellationes
1280 2024 1428 2089 similiter

196 2129 407 2217 respondebit,
422 2130 505 2196 facta
518 2130 581 2217 ipsi
600 2129 696 2216 plena
709 2128 859 2194 facultate
878 2151 915 2193 ea
933 2129 1042 2193 omnia
1055 2128 1090 2192 in
1107 2126 1250 2207 medium
1263 2127 1427 2212 afferendi,

154 2299 166 2309 .,
195 2232 282 2299 intra
300 2242 428 2321 tempus
448 2242 556 2301 tamen
579 2256 600 2300 a
622 2232 767 2300 Consilio
787 2230 1076 2315 determinandum,
1098 2253 1181 2319 quae
1201 2231 1241 2296 ad
1264 2232 1428 2318 propriam

195 2335 411 2403 defensionem
424 2338 567 2403 conferre
580 2346 722 2424 possunt.

239 2445 272 2511 8.
306 2441 712 2528 &accingeremur
740 2440 987 2522 missionarium,
1009 2440 1050 2505 de
1078 2440 1169 2505 cuius
1193 2464 1287 2506 <ausa
1311 2440 1427 2528 agitur,

195 2544 282 2612 nolle
308 2546 351 2613 ad
379 2545 560 2613 Consilium
587 2545 740 2627 accedere,
767 2544 882 2609 iterum
911 2544 995 2609 datis
1024 2543 1139 2609 litteris
1168 2552 1308 2628 vocetur,
1337 2546 1428 2632 eique

195 2672 372 2738 congruum
392 2649 546 2736 temporis
566 2648 706 2736 spatium
726 2647 769 2714 ad
789 2647 1036 2734 comparendum
1057 2648 1273 2733 praefiniatur,
1288 2656 1321 2712 et
1338 2649 1367 2713 si
1386 2647 1428 2713 ad

195 2755 404 2820 constitutum
429 2752 515 2819 diem
539 2775 605 2817 non
626 2752 847 2838 comparuerit,
869 2750 1044 2816 dummodo
1066 2749 1206 2837 legitime
1227 2752 1429 2837 praepeditus

195 2879 260 2924 non
274 2856 382 2941 fuerit,
397 2857 447 2923 uti
460 2865 633 2922 contumax
647 2855 809 2922 habeatur.

160 3022 165 3028 .
240 2963 271 3028 9.
300 2961 431 3042 Quibus
448 2960 598 3027 omnibus
617 2960 678 3025 rite
696 2959 841 3046 expletis,
854 2959 1029 3024 consiliarii
1048 2959 1145 3024 simul
1167 2960 1300 3026 consilia
1320 2959 1428 3026 confe-

195 3073 277 3149 rant,
288 3074 322 3131 et
333 3066 363 3130 si
376 3064 479 3129 maior
492 3086 566 3151 pars
579 3063 832 3129 consiliariorum
846 3063 923 3128 satis
936 3074 1078 3128 constare
1088 3063 1128 3128 de
1139 3063 1230 3129 factis
1243 3064 1426 3147 arbitretur,

194 3169 383 3235 sententiam
396 3191 488 3234 suam
502 3168 722 3255 unusquisque
739 3166 939 3232 consiliarius
953 3166 988 3230 in
1002 3167 1130 3251 seriptis
1143 3175 1283 3252 exponat
1295 3167 1428 3232 rationi-

195 3272 255 3339 bus
268 3273 385 3361 quibus
399 3272 515 3337 nititur
528 3272 702 3358 expressim
723 3269 927 3336 conferantur
942 3269 1130 3351 sententiam
1151 3282 1221 3335 acta
1235 3271 1268 3335 in
1284 3271 1428 3337 Consilio

193 3376 236 3442 ab
255 3375 407 3464 Episcopi
428 3374 557 3443 officiali
574 3374 804 3461 redigantur,a
824 3372 967 3461 praeside
986 3373 1115 3439 nomine
1134 3373 1272 3440 Consilii
1290 3373 1427 3439 subscri-

194 3479 321 3564 bantur,
334 3489 368 3546 et
380 3479 478 3545 simul
492 3502 566 3544 oum
579 3479 742 3545 sententiis
755 3476 957 3567 singulorum
976 3477 1011 3541 in
1030 3486 1160 3542 extenso
1174 3476 1215 3542 ad
1230 3477 1427 3564 Episcopum

194 3582 388 3652 deferantur.
1454 3586 1458 3591 ’

240 3691 292 3756 10.
321 3687 421 3769 Quod
440 3688 467 3754 si
487 3687 619 3754 ulterior
638 3686 841 3774 investigatio
860 3685 1032 3752 necessaria
1044 3687 1098 3754 vel
1115 3710 1255 3775 congrua
1268 3687 1427 3772 videatur,

195 3788 232 3860 co
253 3793 324 3880 ipso
344 3791 406 3876 die,
426 3790 481 3860 vel
500 3792 566 3857 alio
586 3790 629 3857 ad
648 3789 904 3856 conveniendum
928 3813 948 3855 a
973 3789 1117 3856 Consilio
1137 3792 1320 3875 constituto,
1335 3801 1428 3857 testes

195 3907 350 3963 vocentur
363 3919 443 3984 quos
457 3904 653 3982 opportunos
666 3893 847 3960 Consilium
862 3894 1062 3977 iudicaverit,
1075 3894 1186 3959 audito
1200 3896 1296 3959 etiam
1310 3904 1429 3960 rectore

195 3999 394 4066 missionario
407 3999 448 4065 de
461 3999 502 4064 iis
515 4021 595 4087 quos
609 3998 678 4085 ipse
690 3997 891 4065 advocandos
904 4020 970 4062 ease
983 3997 1132 4065 voluerit.

240 4107 292 4171 11.
329 4103 459 4191 Singuli
478 4111 573 4169 testas
595 4125 659 4190 pro
679 4124 777 4167 curuo
796 4101 928 4167 seorsim
949 4109 982 4166 et
1001 4111 1143 4167 accurate
1164 4103 1429 4171 examinentura

195 4206 339 4297 praeside
359 4216 392 4274 et
411 4208 453 4273 ab
471 4207 545 4273 aliis
565 4229 623 4294 per
643 4204 830 4294 praesidem,
849 4204 978 4271 absente
999 4205 1141 4292 primum
1163 4216 1282 4272 rectore
1303 4206 1428 4272 missio-

195 4311 296 4378 nario.
341 4312 418 4378 Non
439 4311 621 4398 requiratur
638 4309 864 4392 iuramentum,
878 4308 933 4374 sed
952 4310 979 4373 si
999 4318 1092 4374 testes
1111 4309 1175 4395 ipsi
1193 4331 1257 4375 non
1280 4320 1426 4394 renuant,

195 4424 283 4482 etse
302 4423 429 4502 paratos
450 4437 516 4481 csse
535 4413 697 4480 declarent
719 4412 762 4479 ad
786 4435 824 4478 ea
844 4435 926 4500 quae
946 4411 1120 4477 detulerint
1144 4412 1331 4497 iuramento,
1353 4413 1428 4479 data

195 4519 364 4604 occasione,
388 4518 615 4602 confirmanda,
640 4517 698 4583 fiat
725 4516 888 4583 adnotatio
916 4514 1101 4579 huiusmodi
1129 4514 1345 4603 dispositionis
1372 4540 1428 4583 seu

195 4620 417 4688 declarationis
438 4621 473 4686 in
493 4621 582 4689 actia
