3278 5318
171 588 180 601 .
209 509 273 574 248
704 520 950 570 aprunum.

208 682 283 747 fidei
313 679 555 769 inquisitoribus
585 678 795 767 generalibus,
825 677 996 764 propositis
1023 678 1246 765 suprascriptis
1274 676 1385 743 dubiis
1415 688 1448 744 et

208 785 394 873 praehabito
415 793 492 852 voto
514 781 592 848 DD.
615 782 855 865 Oousultorum,
878 781 965 847 Emi.
987 781 1214 847 decreverunt:

251 888 308 955 Ad
344 887 375 954 I.
412 886 611 972 Affimatioe,
644 895 771 973 peracta
805 893 914 952 tamen
952 885 1198 973 investigatione
1233 885 1268 950 iu
1304 886 1448 974 singulis

208 994 341 1059 casibus

252 1095 308 1163 Ad
330 1096 383 1164 II.
406 1095 532 1183 Nempe
542 1094 718 1162 e-Utrum
739 1094 819 1160 dum
841 1093 993 1181 baptismi
1014 1093 1142 1160 collatio
1163 1092 1332 1182 ignoratur
1352 1094 1448 1180 prin-

208 1200 329 1287 cipium
352 1198 618 1287 praesumptionis
643 1198 678 1262 iu
701 1197 814 1263 ordine
835 1196 878 1263 ad
899 1197 1043 1264 valorem
1068 1196 1264 1262 matrimonii
1289 1198 1447 1262 contracti

207 1304 269 1369 rite
282 1304 460 1390 applioetur
474 1302 509 1367 iu
523 1300 666 1366 articulis
679 1300 882 1388 sequentibus
892 1303 953 1366 ‘l—

252 1405 731 1494 Respoudemmt-Affimatioe
759 1404 865 1491 quoad
887 1405 1036 1492 primum,
1068 1404 1234 1470 secundum
1262 1413 1295 1471 et
1322 1405 1448 1469 tertium

207 1511 390 1594 articulum,
404 1519 437 1576 et
457 1508 563 1596 quoad
585 1509 723 1595 primam
744 1517 868 1595 partem
882 1509 987 1596 quami
999 1516 1031 1574 et
1045 1507 1183 1595 primam
1204 1517 1330 1594 partem
1344 1511 1449 1594 quinti

207 1614 332 1680 numeri
342 1640 352 1697 ;
375 1622 411 1679 at
433 1612 468 1677 iu
491 1612 552 1679 hoc
574 1622 735 1700 postremo
756 1611 904 1696 articulo,
923 1621 997 1698 post
1014 1611 1115 1679 verba
1132 1611 1273 1677 babuerit
1288 1618 1448 1698 partea—

207 1717 345 1784 addatur
355 1739 504 1803 z—neque
524 1717 601 1781 ater
614 1716 727 1781 conius
740 1722 939 1800 commutator
947 1716 1076 1802 positive
1096 1715 1270 1780 contrarius
1287 1717 1449 1782 collaboret

207 1821 361 1907 boptbmi,
371 1820 617 1908 promemus
638 1826 680 1884 est
700 1819 877 1906 baptisma.
923 1818 967 1885 In
985 1819 1119 1907 reliquis
1132 1818 1256 1885 casibus
1269 1819 1328 1907 qui
1341 1819 1449 1887 adno-

207 1933 318 1991 tantur
331 1923 368 1989 in
381 1924 622 2011 secundaparte
636 1922 761 1988 numeri
774 1923 874 2009 quisti
887 1923 1113 1988 recurrendum
1135 1931 1183 1989 est
1202 1922 1244 1988 ad
1266 1922 1299 1989 S.
1316 1923 1447 2008 Sedem,

208 2029 362 2114 expositis
383 2026 533 2093 omnibus
549 2050 657 2092 nerum
679 2027 822 2092 locorum
842 2034 875 2091 et
895 2048 1103 2112 personarum
1123 2026 1292 2110 adiunctis,
1306 2026 1449 2113 aliisque

207 2130 248 2197 ad
263 2155 331 2197 rem
345 2130 543 2199 facientibus.
587 2128 644 2197 Ad
658 2137 781 2213 satum,
797 2130 964 2216 provisum
978 2129 1013 2194 in
1028 2129 1294 2216 praecedentibus.

586 2300 616 2367 Ι.
632 2301 779 2366 Pensm
801 2300 835 2366 S.
850 2300 894 2367 R.
909 2306 936 2365 et
954 2300 991 2366 U.
1007 2299 1221 2386 Inquisitionia
1235 2300 1400 2369 Nolam.

308 2635 535 2712 Ducssruu
566 2635 797 2711 Genusum
826 2637 863 2713 S.
891 2636 939 2711 R.
965 2635 1016 2712 U.
1043 2634 1342 2722 Iuomsrrronrs

506 2773 561 2826 nu
586 2751 899 2826 Bunnmcnoun
924 2750 963 2826 N
966 2773 1144 2828 uerum.

643 2938 716 3024 [Ad
729 2961 766 3024 p.
787 2942 839 3022 64,
856 2962 889 3005 n.
910 2939 1002 3025 125.]

516 3106 627 3168 Furem
648 3106 706 3170 IV.
728 3126 788 3168 mn
812 3109 848 3169 31
871 3107 1020 3170 Auousrr
1042 3109 1129 3170 1881.

248 3270 291 3336 In
307 3270 560 3359 congregatione
573 3270 761 3358 generalis.
774 3271 816 3337 R.
827 3279 859 3336 et
873 3271 1076 3339 Universalis
1091 3271 1316 3358 inquisitionis
1329 3273 1444 3360 habita

204 3396 310 3439 eoram
332 3374 435 3441 Emis.
457 3397 495 3440 ao
519 3374 623 3441 Rmis.
646 3374 724 3440 DD.
747 3373 780 3440 S.
804 3374 845 3440 R.
869 3373 910 3441 E.
933 3374 1159 3441 Cunlinalibus
1183 3376 1219 3440 in
1243 3376 1339 3443 rebus
1364 3377 1441 3443 fidei

204 3476 447 3563 inquisitoribus
466 3476 678 3564 generalibus,
692 3476 878 3563 praehabito
898 3486 976 3544 voto
997 3476 1073 3544 DD.
1090 3477 1318 3545 Consultorum
1340 3479 1441 3545 iidem

204 3578 292 3645 Emi.
306 3602 344 3645 ao
358 3580 445 3647 Rmi
461 3581 539 3648 DD.
554 3580 772 3647 decreverunt.

246 3681 505 3749 Benedictionem
519 3683 696 3770 nuptialem
709 3706 807 3771 quam
820 3684 951 3752 exhibet
964 3685 1090 3752 missale
1103 3709 1271 3753 romanum
1285 3686 1321 3753 in
1335 3685 1442 3755 ΗΜ

198 3807 260 3872 pro
273 3808 384 3872 apmwo
397 3792 424 3850 et
437 3810 553 3873 sportas
565 3810 689 3874 semper
702 3787 946 3874 impertiendam
963 3812 1030 3855 esse
1049 3789 1084 3853 in
1103 3789 1316 3856 matrimoniis
1328 3791 1440 3857 ‹atlro-

203 3889 349 3973 lieorum,
371 3889 457 3956 infra
476 3900 584 3957 tamen
606 3892 720 3958 missae
739 3892 981 3958 celebrationem
999 3894 1098 3979 juxta
1119 3894 1270 3978 rubricas,
1291 3904 1326 3960 et
1344 3906 1440 3962 extra

202 4001 330 4079 tempus
352 3993 511 4077 feriatum,
526 3996 675 4061 omnibus
697 3996 764 4062 illis
782 3996 980 4083 conjugibus,
994 3998 1052 4085 qui
1072 4020 1143 4063 eam
1164 3996 1200 4062 in
1221 3996 1440 4065 contrahendo

202 4097 407 4164 matrimonio
430 4119 631 4188 quacumque
654 4122 696 4165 ex
720 4123 815 4166 causa
838 4123 904 4167 nou
928 4101 1146 4184 obtinuerint3
1175 4101 1301 4168 etiamsi
1325 4112 1441 4188 petant

201 4209 396 4289 postquam
420 4200 479 4268 diu
498 4203 569 4289 jam
594 4204 629 4268 in
654 4204 860 4271 matrimonio
880 4204 1034 4288 vixerint,
1056 4204 1234 4272 dummodo
1258 4204 1387 4290 mulier,
1410 4206 1439 4272 ei

202 4304 310 4388 vidua,
326 4304 576 4372 benedictionem
591 4307 694 4394 ipsam
707 4307 743 4371 in
756 4307 829 4374 aliis
842 4308 967 4394 nuptiis
979 4331 1046 4374 non
1058 4307 1222 4396 aooeperit.

244 4408 383 4495 Insuper
411 4409 587 4476 hortandos
613 4431 681 4476 esse
708 4409 835 4476 eosdem
864 4413 1013 4500 conjuges
1041 4410 1221 4497 catholicos,
1249 4412 1306 4501 qui
1339 4411 1438 4479 bene-

200 4509 370 4578 dictionem
395 4511 447 4579 sui
472 4513 670 4579 matrimonii
694 4536 760 4579 non
781 4514 1000 4599 obtinuerunt,
1022 4525 1062 4581 ut
1082 4537 1151 4581 eam
1177 4516 1284 4604 primo
1305 4539 1439 4604 quoque

199 4622 341 4702 tempore
359 4625 478 4703 petant.
522 4615 776 4705 Signifioundum
790 4640 867 4685 vero
881 4617 958 4702 illis,
973 4619 1112 4686 maxime
1132 4618 1161 4685 si
1181 4618 1335 4707 neophyti
1356 4620 1438 4703 sint,
