3278 5318
570 506 625 554 nn
653 507 831 557 serroms
861 509 1077 558 runnrcrs.
1375 495 1435 560 281

205 681 244 727 ao
262 661 412 748 pietatem
429 661 585 729 erudiant
631 664 693 731 Est
713 688 789 753 ergo
811 666 845 731 in
867 675 1020 753 potestate
1041 666 1181 753 positum
1204 667 1304 753 ipsius
1325 666 1438 754 populi

205 764 352 831 catholici
374 775 411 832 ut
435 767 570 832 feliciter
591 779 756 834 avertatur
777 770 891 854 clades,
914 793 1012 858 quam
1035 771 1215 835 scholarum
1240 770 1308 836 illic
1330 771 1438 857 publi·

204 890 314 934 carum
327 869 510 936 institutum
525 872 570 937 rei
592 872 763 938 catholicae
783 874 961 941 minitatur.
1006 874 1135 960 Religio
1155 887 1262 940 autem
1284 897 1321 939 ac
1339 874 1438 961 pictas

205 994 247 1038 ne
273 995 292 1039 e
319 974 436 1041 scholis
464 976 579 1042 vestris
611 977 823 1063 expellantur,
853 977 888 1042 id
916 1001 1027 1044 omnes
1062 979 1191 1044 tandem
1228 980 1439 1065 persuadeant

203 1076 265 1142 sibi
286 1078 465 1165 plurimum
487 1081 645 1165 interesse,
662 1105 726 1147 non
740 1082 942 1168 singulorum
965 1092 1090 1148 tuntum
1113 1083 1235 1148 civium
1249 1106 1286 1149 ac
1300 1082 1438 1148 familia-

204 1202 288 1263 rum,
312 1205 427 1249 verum
449 1184 546 1250 etiam
568 1185 669 1271 ipsius
690 1185 931 1251 florentissimae
954 1186 1162 1252 Americanae
1185 1186 1334 1270 nationis,
1356 1209 1438 1274 quae

204 1293 325 1351 tantam
339 1286 379 1352 de
393 1309 427 1353 se
440 1310 529 1374 spem
545 1288 704 1354 Ecclesiae
717 1278 860 1375 dedit]

247 1389 397 1456 Ceterum
421 1391 455 1458 S.
478 1392 692 1480 Congregatio
716 1417 782 1459 non
807 1394 933 1482 ignorat
957 1395 1036 1460 talia
1056 1395 1219 1460 interdum
1244 1417 1351 1459 rerum
1372 1417 1438 1460 esse

203 1492 362 1578 adiuncta,
377 1502 414 1560 ut
430 1505 574 1582 parentes
587 1496 736 1562 catholici
756 1498 879 1584 prolem
898 1522 989 1564 suam
1004 1494 1122 1564 scholis
1141 1498 1278 1585 publicis
1291 1498 1437 1563 commit-

203 1604 269 1663 tere
293 1598 327 1663 iu
353 1600 543 1665 conscientia
567 1601 699 1687 possint.
760 1601 803 1666 Id
827 1612 934 1668 autem
960 1625 1025 1667 non
1050 1611 1212 1689 poterunt,
1237 1601 1300 1665 nisi
1325 1599 1367 1666 ad
1391 1601 1438 1667 sic

202 1701 362 1788 agendum
381 1702 591 1768 sufficientem
612 1727 739 1770 (ausam
760 1706 917 1790 habeant;
942 1729 980 1772 ac
1001 1706 1076 1770 talis
1100 1728 1195 1771 (ausa
1217 1705 1376 1771 sufficiens
1401 1705 1436 1769 in

202 1826 276 1870 casu
289 1805 399 1892 aliquo
413 1792 598 1892 particulari
611 1818 722 1873 utrum
741 1809 826 1875 adsit
844 1831 903 1874 nec
922 1833 972 1893 ne,
988 1809 1022 1874 id
1041 1809 1249 1875 conscientiae
1267 1832 1305 1874 ac
1319 1809 1437 1874 iudicio

203 1906 450 1975 Ordiuariorum
485 1910 730 1999 relinquendum
759 1914 839 1997 erit;
876 1921 909 1979 et
936 1922 1014 1978 tuno
1042 1936 1079 1979 ea
1107 1913 1297 1999 plerumque
1324 1913 1436 1995 aderit,

202 2012 331 2100 quaudo
356 2013 410 2080 vcl
439 2014 530 2080 nulla
559 2026 683 2101 praesto
710 2024 759 2081 est
785 2017 894 2082 schola
923 2017 1086 2100 catholica,
1111 2015 1164 2082 vel
1189 2039 1271 2103 quoe
1295 2016 1437 2102 suppetit

206 2134 316 2207 parum
338 2125 387 2183 est
406 2117 520 2184 idonea
540 2118 723 2185 crudiendis
744 2120 968 2186 convenienter
981 2120 1157 2185 conditioni
1172 2142 1247 2185 suae
1260 2142 1436 2205 congruen-

202 2228 313 2306 terque
326 2221 585 2288 adolescentibus.
630 2222 723 2288 Tunc
735 2234 843 2289 autem
857 2233 896 2289 ut
909 2224 1035 2289 scholae
1045 2224 1192 2310 publicae
1202 2223 1237 2287 in
1247 2222 1437 2288 conscientia

202 2322 285 2390 adiri
305 2327 438 2411 possint,
453 2326 631 2412 periculum
651 2328 865 2414 perversionis
885 2351 960 2392 cum
981 2328 1113 2414 propria
1142 2328 1285 2413 ipsarum
1313 2327 1437 2393 ratione

203 2427 277 2515 plus
286 2429 436 2494 minusve
446 2452 609 2517 nunquam
620 2454 685 2496 non
696 2432 911 2514 coniunctum,
922 2432 1113 2517 opportunis
1123 2430 1271 2496 remediis
1281 2430 1436 2495 cautioni·

203 2530 324 2620 busque
344 2532 413 2597 fieri
434 2532 528 2599 debet
541 2556 583 2598 ex
597 2535 746 2620 proximo
760 2545 929 2601 remotum.
974 2535 1036 2600 Est
1050 2558 1126 2623 ergo
1148 2534 1308 2621 imprimis
1322 2533 1436 2599 viden·

202 2633 290 2720 dum,
312 2646 476 2703 utrumne·
493 2637 528 2702 in
556 2638 664 2704 schola
692 2639 734 2704 de
762 2662 826 2727 qua
853 2639 1000 2704 adeunda
1027 2637 1201 2726 quaeritur,
1223 2638 1436 2725 perversionis

202 2740 379 2826 periculum
400 2742 444 2806 sit
463 2742 620 2807 eiusmodi
641 2742 728 2829 quod
749 2744 818 2808 ficri
844 2754 1002 2808 remotum
1032 2742 1128 2829 plane
1156 2751 1314 2829 nequeat:
1343 2742 1435 2807 velut

202 2845 325 2930 quotics
345 2843 392 2910 ibi
413 2854 471 2910 aut
490 2844 644 2911 docentur
664 2846 830 2933 quaedam,
844 2857 901 2913 aut
921 2856 1063 2933 aguntur
1083 2845 1255 2911 catholicae
1273 2832 1435 2912 doctrinae

201 2945 335 3013 bonisve
356 2949 499 3014 moribus
520 2950 686 3033 contraria,
702 2972 845 3037 quaeque
858 2952 939 3015 citra
951 2951 1076 3015 animae
1089 2949 1318 3015 detrimentum
1333 2971 1435 3036 neque

201 3049 307 3116 audiri
327 3062 471 3139 pomunt,
486 3052 606 3117 nedum
626 3054 746 3141 peragi.
791 3053 892 3119 Enim
906 3076 984 3119 vcro
998 3053 1062 3119 tole
1075 3053 1264 3139 periculum,
1279 3061 1316 3117 ut
1330 3074 1434 3138 perse

126 3170 131 3177 '
201 3163 297 3241 patet,
311 3156 444 3221 omniuo
464 3154 633 3223 vitandum
647 3165 695 3222 est
707 3180 781 3222 cum
796 3179 997 3244 quocumque
1018 3156 1136 3222 damno
1152 3156 1322 3242 temporali
1337 3157 1433 3220 etiam

200 3258 295 3326 vitae.
340 3258 445 3326 Debet
464 3283 561 3348 porro
582 3260 744 3345 iuventus,
767 3269 805 3326 ut
824 3262 982 3326 committi
1003 3260 1120 3325 scholis
1141 3259 1279 3346 publicis
1301 3260 1335 3323 in
1356 3281 1433 3324 con·

200 3363 332 3428 scientia
344 3364 454 3450 possit,
469 3366 672 3430 necessariam
687 3365 893 3430 christianam
907 3352 1140 3429 institutionem
1157 3371 1190 3428 ct
1202 3362 1432 3447 eclucrtioncm,

200 3465 312 3532 saltem
340 3477 432 3534 extra
459 3468 585 3534 scholae
612 3476 747 3555 tempus,
774 3470 835 3534 rite
862 3492 900 3534 ao
927 3467 1098 3555 diligenter
1125 3467 1273 3553 accipere.
1322 3467 1432 3545 Qrmre

201 3570 330 3656 parochi
350 3594 389 3637 ac
409 3571 611 3656 missionarii‚
625 3596 780 3638 memores
801 3594 1007 3658 eorumquae
1028 3570 1305 3658 providentissime
1319 3569 1378 3634 hac
1392 3568 1432 3636 de

200 3694 236 3740 re
259 3674 441 3741 Concilium
467 3676 700 3742 Baltimorcnse
723 3677 897 3760 constituit,
923 3676 1135 3741 catechesibus
1159 3674 1331 3761 diligenter
1354 3673 1432 3739 dent

200 3800 340 3866 operam,
369 3779 472 3868 iisque
499 3780 698 3867 explicandis
733 3781 901 3867 praecipue
930 3779 1117 3844 incumbant
1140 3779 1329 3844 veritatibus
1356 3775 1432 3843 fidei

200 3904 239 3948 ac
265 3904 403 3967 morum,
424 3883 507 3971 quae
535 3884 637 3969 magis
660 3885 703 3950 ab
727 3884 899 3949 iucr'cdulis
923 3892 957 3949 et
985 3882 1187 3949 heterodoxis
1212 3882 1431 3968 impetuntur;

200 3993 311 4074 totque
330 3988 481 4074 periculis
499 3989 675 4075 expositam
698 3988 897 4054 iuventutem
918 3988 1061 4073 impensa
1081 4009 1166 4069 cura,
1186 4008 1251 4073 qua
1271 3984 1432 4071 frequenti

200 4101 467 4157 sacramentorum
492 4114 563 4175 usu,
585 4115 650 4179 qua
670 4093 788 4179 pietate
810 4092 845 4156 in
867 4091 907 4157 B.
923 4092 1098 4178 Virginem
1120 4089 1269 4155 studeant
1289 4111 1431 4154 eommu-

200 4194 280 4278 nire,
293 4203 326 4260 et
346 4193 389 4260 ad
409 4195 596 4282 religionem
617 4196 751 4260 firmiter
766 4196 934 4260 tenendam
948 4196 1045 4260 etium
1059 4204 1155 4281 atque
1168 4194 1264 4258 etiam
1284 4191 1430 4258 excitare.

200 4296 272 4383 Ipsi
285 4321 362 4365 vero
383 4309 537 4386 parentes,
552 4300 651 4386 quive
668 4322 779 4364 eorum
796 4299 865 4365 loco
885 4308 971 4380 sunt,
987 4298 1095 4363 liberis
1115 4298 1182 4362 suis
1203 4295 1325 4360 solicite
1345 4293 1432 4359 invi-

200 4401 312 4488 gilent,
332 4426 369 4467 ao
389 4402 443 4468 vel
468 4402 530 4489 ipsi
552 4425 663 4490 perse
683 4404 747 4486 vel,
769 4404 797 4469 si
819 4404 927 4468 minus
948 4402 1055 4473 idonci
1077 4401 1139 4487 ipsi
1164 4401 1241 4483 sint,
1267 4422 1326 4485 pcr
1351 4398 1432 4464 alios

200 4504 240 4570 de
254 4505 442 4572 lectionibus
456 4507 575 4571 auditis
588 4530 641 4572 eos
660 4507 864 4593 interrogent,
880 4506 979 4571 libros
1000 4504 1113 4569 iisdcrn
1134 4503 1268 4568 tmditos
1283 4526 1432 4588 recogno-

199 4619 298 4694 scant,
323 4618 357 4675 et
381 4609 409 4675 si
433 4609 518 4698 quid·
541 4611 676 4675 noxium
706 4610 752 4674 ibi
780 4608 1054 4696 deprehenderint,
1080 4605 1223 4672 antidota
1251 4606 1430 4692 praebcant,
