3278 5318
565 525 619 572 DE
647 525 824 573 scnoms
853 526 1070 576 PUBLICIS.

281 848 523 923 lueraucrro
552 869 607 923 on
636 849 808 924 Soucnrs
835 849 1030 925 Pusnrers
1054 871 1111 923 sn
1136 849 1353 925 Errscoros

346 962 570 1038 Aunnreau
595 964 974 1038 Sarranrnrcnams
1000 964 1287 1040 Fornrnaran.

666 1145 972 1234 [aemam

245 1316 372 1384 Pluries
394 1316 429 1385 S.
449 1316 662 1405 congregatio
682 1317 723 1383 de
744 1316 958 1405 Propaganda
979 1318 1063 1383 Fide
1083 1318 1197 1384 certior
1218 1317 1302 1385 facta
1322 1328 1380 1406 est,
1399 1320 1435 1385 in

202 1421 387 1489 Foederatis
414 1421 557 1487 Statibus
584 1422 751 1486 Amerieae
779 1420 1044 1507 Septentrionalis
1070 1422 1243 1488 catholicae
1275 1422 1435 1489 iuventuti

201 1548 220 1592 e
243 1525 361 1591 scholis
382 1525 530 1612 publicis,
552 1546 633 1613 quas
659 1523 729 1589 illic
748 1532 876 1608 vocant,
895 1525 1089 1611 gravissima
1112 1523 1231 1592 damna
1254 1525 1433 1594 imminere.

201 1629 318 1695 Tristis
337 1628 392 1695 hic
411 1629 546 1694 nuntius
567 1628 680 1713 effecit,
698 1636 737 1694 ut
757 1627 919 1716 praedicta
938 1627 973 1695 S.
994 1628 1208 1716 Congregatio
1229 1630 1435 1717 amplissimis

201 1734 294 1800 istius
306 1732 439 1798 ditionis
453 1732 621 1819 Episcopis
634 1731 807 1797 nonnullas
820 1732 1017 1820 quaestiones
1035 1733 1257 1820 proponendas
1270 1736 1435 1820 censuerit,

201 1859 283 1927 quae
295 1838 415 1925 partim
428 1836 471 1903 ad
484 1858 603 1920 causas,
614 1859 671 1901 cur
685 1836 793 1902 fideles
806 1837 916 1902 sinant
927 1834 1046 1901 liberos
1059 1859 1134 1903 suos
1147 1837 1436 1903 scholasacathcli-

201 1964 254 2008 cus
274 1940 483 2029 frequentare,
504 1940 622 2027 partim
643 1939 686 2006 ad
707 1940 813 2005 media
833 1939 951 2027 quibus
971 1939 1098 2006 facilius
1118 1941 1250 2007 iuvenes
1274 1964 1295 2007 a
1319 1942 1437 2008 scholis

201 2044 388 2111 huiusmodi
400 2043 501 2110 arceri
519 2044 653 2131 possint,
666 2043 858 2130 spectabant.
903 2044 1007 2108 Porro
1021 2044 1241 2131 responsiones
1259 2068 1280 2111 a
1299 2044 1437 2112 laudatis

202 2148 372 2236 Episcopis
385 2156 531 2214 exaratae
543 2147 586 2213 ad
599 2147 789 2234 Supremam
804 2147 1091 2234 Congregatiouem
1103 2147 1308 2215 Universalis
1321 2148 1437 2236 Inqui-

202 2252 339 2319 sitionis'
351 2274 411 2339 pro
438 2260 554 2317 natura
579 2250 760 2338 argumenti
788 2250 911 2316 delatae
937 2258 1024 2334 sunt,
1049 2259 1083 2317 et
1110 2251 1239 2339 negotio
1267 2252 1438 2340 diligenter

202 2355 367 2443 explorato
388 2354 445 2423 fer.
466 2373 519 2422 Ν.
539 2354 594 2421 die
618 2357 662 2422 30
683 2354 775 2420 Iunii
798 2354 1233 2441 1875per1nstruetionem
1254 2365 1438 2443 sequentem

201 2458 432 2526 absolvendum
449 2459 492 2525 ab
510 2458 613 2525 Emis.
628 2458 781 2523 Patribus
800 2456 976 2523 iudicatum
989 2466 1046 2541 est,
1061 2482 1159 2545 quam
1178 2458 1294 2524 exinde
1307 2458 1436 2527 SSmus.

202 2562 246 2630 D.
261 2562 307 2630 N.
321 2562 381 2630 fer.
395 2582 449 2631 rv.
462 2562 515 2628 die
534 2564 578 2627 24
597 2561 791 2627 Novembris
809 2560 963 2648 praedicti
982 2562 1059 2626 anni
1073 2561 1258 2648 adprobare,
1273 2586 1309 2627 ac
1323 2563 1438 2628 confir·

202 2688 290 2733 mare
301 2666 454 2755 dignatus
467 2673 523 2733 est.

247 2770 350 2838 Porro
370 2771 406 2836 iu
426 2769 686 2836 deliberationem
707 2769 816 2836 cadere
836 2768 996 2856 imprimis
1015 2769 1149 2836 debebat
1171 2771 1240 2857 ipsa
1260 2770 1438 2838 iuventutis

202 2875 414 2942 instituendae
432 2875 516 2940 ratio
536 2874 654 2939 scholis
678 2872 864 2938 huiusmodi
888 2875 1019 2960 propria
1042 2883 1140 2961 atque
1164 2875 1342 2961 peculiaris.
1387 2876 1439 2942 Ea

202 3002 280 3047 vero
292 2978 328 3046 S.
343 2976 589 3065 congregationi
603 2977 675 3044 visa
688 2986 736 3043 est
748 2977 845 3042 etiam
859 3000 901 3042 ex
914 3000 948 3042 se
961 2977 1096 3064 periculi
1112 2977 1217 3064 plena,
1231 3001 1269 3043 ac
1282 3002 1438 3066 perquam

202 3084 336 3151 adversa
353 3083 400 3148 rei
417 3081 597 3148 catholicae.
641 3080 781 3147 Alumui
794 3081 881 3145 enim
895 3081 1011 3146 talium
1024 3080 1205 3147 scholarum
1219 3105 1294 3146 cum
1307 3082 1439 3168 propria

202 3187 386 3254 earumdem
406 3186 490 3252 ratio
510 3208 638 3252 omnem
658 3185 809 3251 excludat
828 3183 1006 3249 doctrinam
1026 3184 1202 3271 religionis,
1224 3208 1327 3271 neque
1348 3185 1437 3249 rudi-

203 3299 311 3357 menta
330 3289 406 3356 fidei
426 3288 599 3372 addiscent,
620 3311 724 3376 neque
746 3287 892 3354 eccloeiae
915 3288 1114 3352 instruentur
1134 3289 1320 3374 praeceptis,
1341 3298 1438 3375 atque

202 3395 282 3462 adeo
299 3394 452 3478 carebunt
468 3392 649 3480 cognitione
667 3390 792 3456 homini
807 3413 905 3479 quam
925 3392 1066 3456 maxime
1084 3391 1266 3473 necessaria,
1285 3392 1355 3456 sine
1373 3414 1438 3479 qua

203 3497 374 3564 christiane
402 3520 468 3563 uon
495 3497 631 3563 vivitur.
684 3495 785 3561 Enim
805 3517 884 3560 vero
911 3494 948 3560 in
976 3493 1133 3559 eiusmodi
1159 3494 1278 3560 scholis
1306 3493 1438 3560 iuvenes

204 3603 379 3670 educantur
402 3601 468 3667 iam
497 3600 573 3666 iude
599 3622 620 3666 a
648 3600 753 3686 prima
780 3597 927 3686 pueritia,
949 3620 987 3664 ac
1014 3597 1246 3685 propemodum
1274 3622 1295 3664 a
1321 3599 1438 3664 teneris

204 3706 405 3794 unguiculis:
427 3728 492 3792 qua
509 3713 619 3789 aetate,
635 3711 673 3769 ut
690 3712 821 3787 constat,
836 3703 968 3770 virtutis
986 3711 1042 3767 aut
1056 3701 1130 3769 vitii
1148 3702 1270 3768 semina
1288 3703 1438 3768 tenaciter

204 3810 345 3877 haerent.
389 3809 489 3875 Aetas
508 3807 609 3896 igitur
632 3815 700 3873 tam
721 3806 874 3872 flexibilis
897 3804 926 3872 si
950 3806 1069 3894 absque
1093 3805 1249 3894 religione
1272 3806 1438 3889 adolescat,

203 3937 279 3981 sane
299 3914 413 4001 ingens
433 3911 556 3978 malum
576 3920 633 3979 est.
678 3911 781 3977 Porro
802 3920 910 3975 autem
936 3911 971 3975 in
995 3909 1164 3997 praedictis
1188 3909 1305 3976 scholis
1330 3919 1439 3997 utpote

182 4008 354 4085 ¹seiunctis
380 4016 424 4082 ab
451 4015 611 4111 Ecclesiae
637 4014 833 4099 auctoritate,
859 4013 1139 4080 indiscriminatim
1168 4037 1210 4079 ex
1238 4013 1328 4079 omni
1356 4022 1439 4079 secta

205 4121 351 4209 magistri
370 4119 573 4205 adhibentur,
594 4128 628 4186 et
650 4118 833 4206 ceteroquin
858 4140 900 4183 ue
923 4118 1095 4204 perniciem
1119 4117 1254 4183 afferant
1278 4117 1438 4183 iuventuti

205 4225 298 4290 nulla
315 4224 386 4312 lege
403 4232 533 4290 cautum
550 4231 608 4307 est,
622 4222 669 4288 ita
687 4230 725 4288 ut
745 4222 885 4287 liberum
903 4222 947 4288 sit
964 4244 1085 4288 errores
1103 4230 1136 4287 et
1149 4219 1305 4288 vitiorum
1318 4220 1440 4285 semina

205 4328 322 4395 teneris
335 4328 496 4394 mentibus
510 4325 688 4393 infundere.
732 4325 829 4393 certa
844 4325 923 4391 item
936 4324 1118 4412 corruptela
1137 4347 1179 4390 ex
1200 4323 1262 4389 hoo
1276 4322 1441 4409 impendet

205 4431 293 4520 quod
307 4430 343 4497 iu
356 4431 470 4497 iisdem
483 4430 600 4496 scholis
612 4438 671 4496 aut
683 4428 798 4496 saltem
818 4429 855 4493 in
875 4428 1025 4515 pluribus
1041 4451 1152 4494 earum
1166 4427 1332 4513 utriusque
1344 4448 1441 4491 sexus

205 4536 416 4603 adolescentes
432 4542 466 4600 et
482 4533 649 4600 audiendis
664 4532 855 4598 lectionibus
875 4532 912 4597 in
933 4531 1020 4597 idem
1033 4530 1184 4597 conclave
1197 4538 1440 4617 congregantur,

205 4647 239 4706 et
250 4638 359 4706 sedere
378 4639 415 4705 in
436 4637 548 4705 eodem
568 4659 698 4704 scamno
719 4634 854 4702 mosali
874 4634 966 4701 iuxta
987 4634 1123 4701 feminas
1143 4632 1303 4699 iubentur.
1348 4633 1442 4712 Quae
