3278 5318
389 730 406 758 ·
492 711 802 810 SESSIONES
828 711 1146 812 SOLEMNES.

1293 670 1302 703 l

679 1048 797 1114 Ssssro
819 1048 952 1114 Parus.

243 1202 415 1268 Dominica
435 1220 546 1270 xxm.
567 1211 641 1288 post
663 1203 881 1286 Pentecosten,
902 1202 955 1267 die
976 1225 1061 1268 nona
1086 1203 1205 1268 mensis
1225 1203 1433 1288 Novembris,

201 1308 244 1373 A.
254 1307 297 1373 D.
312 1324 596 1389 uncocnxxxrv„
619 1305 702 1371 festo
724 1305 900 1372 Patrocinii
920 1306 963 1373 B.
979 1306 1029 1373 M.
1044 1306 1105 1390 V..
1119 1307 1232 1372 habita
1251 1314 1300 1373 est
1327 1308 1434 1394 prima

200 1411 296 1476 sessio
323 1410 475 1475 solemnis
504 1409 642 1475 Concilii
667 1408 912 1475 Baltimoreusis
939 1409 1083 1475 Plenarii
1111 1409 1213 1475 Tertii
1241 1410 1277 1475 in
1305 1409 1436 1476 ecclesia

201 1513 445 1600 metropolitana
472 1512 507 1579 S.
534 1513 659 1578 Mariae
679 1513 715 1578 in
736 1512 860 1578 eoelum
882 1513 1088 1599 Assumptae.
1132 1512 1226 1580 Hora
1246 1536 1332 1580 nona
1358 1536 1435 1579 cum

200 1616 335 1683 dimidia
355 1615 605 1683 antemeridiana
627 1625 845 1683 convenerunt
869 1615 974 1684 Illmi.
999 1625 1032 1683 et
1054 1616 1183 1684 Revmi.
1211 1617 1379 1683 Pruesules
1402 1625 1436 1682 et

200 1722 333 1807 majores
343 1720 512 1807 synodales
523 1721 558 1784 in
567 1719 698 1786 aedibus
707 1720 1028 1807 archiepiscopalibus
1039 1746 1049 1804 3
1071 1720 1166 1786 ceteri
1178 1744 1257 1788 vero
1266 1719 1436 1808 synodales

200 1825 236 1890 in
256 1824 332 1890 aula
352 1824 386 1890 S.
403 1822 577 1910 Alplronsi‚
591 1824 657 1891 viis
674 1822 771 1890 dictis
786 1823 878 1890 Porlc
891 1832 923 1889 et
943 1825 1109 1910 Saraloyo.
1154 1825 1225 1906 Qui
1247 1825 1281 1889 in
1302 1824 1436 1891 aedibus

200 1926 441 2014 Archiepiscopi
455 1935 669 1993 convenerunt
683 1928 730 1994 ibi
750 1929 896 2015 proprias
916 1928 968 1993 sui
989 1931 1112 1994 onlinis
1125 1942 1229 1995 vestes
1249 1927 1435 2013 induenmt,

200 2032 318 2097 seilicet
326 2031 578 2117 Archiepiscopi‚
589 2031 741 2117 Episcopi
750 2041 782 2097 et
793 2033 934 2097 Abbates
943 2032 1142 2118 pluvialiaet
1151 2033 1271 2099 mitras.
1312 2031 1436 2098 Nullus

201 2157 277 2201 vero
304 2144 430 2222 praeter
458 2134 683 2220 Apostolicum
704 2135 896 2224 Delegstum
918 2135 1069 2201 baculum
1090 2134 1281 2222 pastoralem
1303 2134 1434 2202 ferebat.

201 2239 333 2326 Reliqui
358 2237 478 2303 ibidem
503 2238 696 2324 congregati,
714 2240 799 2303 inter
819 2261 899 2326 quos
923 2248 1015 2305 erant
1040 2238 1179 2305 Praelati
1205 2239 1380 2305 Domestici
1403 2248 1437 2306 et

201 2342 377 2410 Oamerarii
398 2341 508 2407 secreti
529 2343 713 2407 Sanctitatis
734 2342 817 2408 Suae
840 2343 942 2428 (cujus
963 2343 1131 2429 dignitatis
1151 2344 1215 2408 viri
1238 2343 1344 2430 prims
1365 2344 1437 2410 vioe

200 2446 260 2512 tali
280 2446 442 2511 occasione
463 2446 498 2510 in
520 2445 607 2510 hisce
635 2445 818 2532 regionibus
839 2447 902 2512 visi
925 2446 1024 2534 sunt),
1047 2446 1206 2533 pluvialia
1229 2469 1301 2512 cum
1323 2446 1436 2513 biretis

200 2558 414 2635 sumpserunt.

242 2653 406 2720 Omnibus
433 2655 563 2739 paratis,
588 2662 621 2719 el
648 2665 723 2720 ante
750 2653 841 2720 aedes
869 2653 1150 2741 archiepiscopales
1173 2656 1243 2742 jam
1271 2655 1436 2742 dispositis

200 2756 357 2843 theologis
382 2757 520 2823 Concilii
542 2768 638 2843 atque
660 2758 784 2844 reliquo
812 2756 907 2841 clero,
927 2759 1019 2843 cujus
1048 2781 1184 2846 magnus
1212 2782 1365 2824 numerus
1393 2782 1435 2824 ex

199 2859 374 2947 provinciis
417 2860 626 2927 vicinioribus
661 2861 843 2945 advenerat,
880 2861 1006 2949 incepta
1041 2871 1089 2927 eet
1131 2862 1287 2949 processio
1323 2861 1435 2928 ordine

199 2963 364 3050 sequenti:

461 3068 681 3136 Subdiaconus
696 3094 769 3136 cum
786 3070 889 3136 Cruce
902 3070 1138 3158 processionali.

460 3172 599 3237 Aluruni
613 3174 782 3239 Seminarii
797 3173 830 3240 S.
847 3173 971 3240 Mariae
986 3174 1031 3261 (S.
1047 3173 1204 3260 Sulpicii).

461 3275 578 3342 Clerus
591 3277 759 3362 regularis.

461 3379 577 3446 Clerus
590 3380 769 3447 saecularis.

462 3483 590 3548 Chorus
604 3484 790 3551 (lautorum.

461 3585 618 3671 Theologi
634 3586 779 3654 Petrum.

460 3690 588 3754 Notarii
602 3700 634 3755 et
648 3690 822 3758 Secretarii.

460 3792 644 3878 Superiores
658 3793 821 3860 Ordinurn
836 3795 1084 3884 Religiosorum.

460 3896 608 3961 Rectores
618 3897 869 3964 Seminariorum
885 3903 1051 3986 majorum.

459 3999 633 4064 Camerarii
647 4000 764 4066 Secreti
778 4001 959 4068 Sarrclitatis
972 4004 1065 4072 Suae.

460 4102 600 4167 Praelati
615 4103 788 4168 Domestici
804 4104 989 4171 sanctitatis
1003 4106 1095 4174 Suae.

460 4206 684 4272 Procuratores
698 4207 932 4295 Episcoporum
945 4210 1137 4278 absentium.

459 4309 586 4375 Rcvmi.
602 4309 754 4377 Abbates.

459 4411 562 4478 Illmi.
578 4421 610 4478 et
623 4413 752 4481 Rcvmi.
769 4414 933 4504 Episcopi.

457 4514 561 4582 Illmi.
576 4525 609 4582 et
622 4516 751 4585 Revmi.
767 4519 1020 4609 Archiepiscopi.
