3278 5318
212 482 256 545 38
326 496 509 543 TITULUS
538 496 702 544 11.—1>E
731 496 939 543 pensons
968 495 1329 544 ECCLESIASTICIS.

210 677 282 751 pro
300 653 509 727 sacerdotis
533 652 822 745 sustentatione,
841 651 922 726 sive
946 653 985 726 in
1009 650 1131 751 priori
1148 651 1230 726 sive
1253 651 1294 726 in
1319 653 1441 728 altero

209 792 302 845 casu
318 769 515 867 requisita,
533 769 751 866 colligenda
770 768 833 862 sit,
858 768 900 842 id
924 768 1204 867 Episcoporum
1227 767 1268 842 in
1293 770 1441 867 synodo

210 883 294 960 sive
309 884 539 983 provinciali
557 885 640 960 sive
656 885 882 959 dioecesana
895 889 1214 983 congregatorum
1227 884 1442 960 sententiae

209 1000 508 1100 relinquendum
525 1026 610 1076 esse
626 1026 838 1076 censemus.

259 1115 320 1194 73.
365 1116 596 1192 Laetissimo
637 1124 740 1192 certe
781 1116 912 1193 animo
954 1116 1185 1212 audivimus
1224 1116 1349 1193 literis
1392 1117 1442 1193 ab

210 1232 340 1310 Illm0.
360 1233 548 1333 Delegato
566 1234 792 1332 Apostolico
818 1235 869 1309 ad
893 1235 1026 1333 plures
1052 1235 1243 1310 Ordinum
1269 1232 1440 1332 Religio·

209 1375 342 1426 sorum
385 1349 611 1449 Superiores
653 1350 783 1426 missis
824 1351 953 1426 fausta
993 1376 1179 1449 responsa
1210 1352 1304 1426 data
1344 1375 1440 1444 esse,

208 1467 350 1567 quibus
379 1473 536 1565 paratos
565 1492 607 1542 se
636 1468 822 1566 praebent
852 1468 903 1542 ad
935 1466 1175 1565 recipiendos
1203 1468 1255 1542 ad
1283 1474 1441 1566 tempus

176 1644 180 1651 .
207 1583 249 1659 in
277 1585 414 1659 domos
442 1608 533 1658 suas
563 1586 790 1677 sacerdotes,
817 1608 915 1682 quos
943 1581 1127 1682 Episcopi
1151 1582 1440 1658 reformationis

207 1725 323 1774 causa
348 1699 502 1784 mittere
519 1699 654 1775 velint.
700 1699 857 1774 Gratias
881 1724 954 1798 pro
973 1706 1083 1774 tanto
1103 1699 1235 1774 favore
1252 1700 1439 1775 debemus

208 1815 333 1890 Rmis.
351 1814 573 1890 Abbatibus
590 1815 906 1891 Cisterciensibus
924 1815 971 1890 B.
989 1814 1140 1890 Mariae
1155 1816 1205 1890 de
1222 1814 1379 1915 Trappa
1395 1815 1437 1891 in

207 1930 474 2025 Gethsemani,
494 1937 535 2006 et
559 1931 601 2006 in
627 1932 823 2026 Tracadie,
844 1931 959 2006 Nova
983 1931 1122 2026 Scotia,
1142 1956 1290 2007 necnon
1318 1933 1438 2009 Adm.

207 2046 304 2122 Rev.
335 2045 464 2122 Priori
499 2048 691 2124 Abbatiae
725 2046 764 2122 N
766 2047 1029 2148 eo-Melleray,
1059 2047 1233 2146 ejusdcm
1265 2047 1436 2143 ordinis3

204 2169 290 2239 tum
314 2163 428 2239 Rmo.
451 2164 598 2240 Abbati
622 2164 666 2239 Ο.
688 2164 726 2238 S.
748 2164 794 2239 B.
815 2165 921 2262 apud
943 2164 980 2239 8.
1002 2163 1194 2238 Joannem
1215 2163 1257 2238 in
1281 2163 1437 2240 Minne·

204 2287 310 2373 sota3
337 2306 485 2356 necnon
507 2282 623 2355 Adm.
644 2281 740 2358 Rev.
759 2280 887 2355 Priori
908 2280 953 2355 Ο.
971 2281 1009 2354 S.
1028 2279 1075 2354 B.
1096 2304 1218 2377 prope
1237 2278 1437 2357 civitatem

205 2395 319 2490 Erie;
353 2403 439 2473 tum
469 2397 588 2472 Adm.
617 2396 712 2473 Rev.
744 2395 980 2470 Provinciali
1010 2395 1052 2471 0.
1080 2395 1125 2471 P.
1154 2395 1197 2472 in
1227 2394 1436 2493 Hoboken,

204 2511 243 2586 N
246 2513 390 2605 -Caes.;
422 2512 541 2587 Adm.
567 2513 663 2588 Rev.
682 2512 918 2588 Provinciali
945 2513 989 2588 Ο.
1015 2512 1054 2589 S.
1079 2512 1136 2606 F,
1161 2512 1200 2589 S.
1224 2512 1434 2608 Ludovici3

203 2652 350 2703 necnon
373 2628 472 2704 Ven.
498 2628 734 2704 Provinciali
760 2629 944 2704 Fratrum
967 2628 1248 2705 Alexianorum
1272 2627 1315 2705 in
1342 2628 1432 2705 Chi·

202 2767 318 2842 cag03
344 2744 514 2820 maxime
535 2770 626 2820 vero
648 2745 763 2821 Rmo,
780 2744 1066 2820 Archi-Abbati
1087 2744 1286 2820 Bonifacio
1303 2744 1435 2822 Wim·

202 2883 296 2953 mer,
315 2858 359 2934 Ο.
377 2860 415 2934 8.
435 2860 494 2954 B,
513 2862 619 2958 apud
638 2862 676 2936 S.
695 2860 957 2954 Vincentium,
974 2860 1042 2960 qui
1064 2867 1110 2936 ut
1127 2859 1169 2936 in
1186 2862 1435 2960 praecedenti

201 2973 372 3050 Concilio
406 2976 589 3052 Plenario
631 2977 804 3075 aliasque
844 2977 901 3052 ita
942 2983 983 3052 et
1023 3002 1127 3053 nunc
1167 2985 1349 3076 paratum
1391 3004 1436 3057 se

201 3091 365 3184 exhibet,
392 3092 507 3168 certis
532 3093 696 3169 servatis
725 3092 1020 3188 conditionibus,
1045 3095 1206 3169 domum
1231 3094 1322 3170 huic
1346 3119 1433 3196 spe·

200 3206 292 3283 ciali
309 3209 379 3283 fini
398 3209 643 3304 destinatam,
665 3211 715 3284 ad
736 3235 853 3309 quam
875 3212 1091 3286 sacerdotes
1111 3209 1323 3287 miserandi
1343 3236 1433 3289 con·

200 3324 333 3423 fugere
350 3326 512 3423 possint,
530 3325 678 3425 erigere
695 3351 739 3401 ac
756 3325 1041 3404 administrare.

249 3440 470 3517 Maximum
504 3442 577 3517 hoc
601 3450 757 3518 nostrae
781 3443 1054 3520 sollicitudinis
1080 3444 1280 3546 negotium
1306 3445 1432 3523 absol·

199 3565 385 3632 vere'non
402 3582 622 3656 possumus,
640 3559 734 3658 quin
752 3584 887 3634 omnes
904 3568 1125 3637 nostrarum
1142 3560 1432 3661 provinciarum

200 3671 417 3770 Religiosos
446 3673 620 3750 virorum
654 3674 810 3750 ordines
841 3681 925 3751 toto
953 3677 1081 3753 cordis
1115 3679 1253 3754 affeetu
1285 3678 1430 3757 iterum

198 3787 463 3886 imploremus,
484 3795 530 3865 ut
551 3816 667 3867 omne
686 3792 793 3892 quod
813 3792 947 3867 valent
968 3792 1157 3868 auxilium
1177 3792 1219 3868 in
1242 3793 1314 3870 hoc
1333 3796 1429 3873 cari·

200 3902 290 3977 tatis
312 3905 560 3980 sacerdotalis
583 3932 699 4005 opere
719 3905 759 3981 N
761 3908 844 3981 obis
866 3916 1075 4006 praestent,
1095 3934 1167 4008 pro
1191 3909 1331 4009 majori
1355 3910 1431 3990 Dei

197 4024 236 4092 et
253 4016 446 4095 Ecclesiae
465 4020 607 4096 Matris
625 4023 783 4100 honore.
