<?xml version="1.0" encoding="UTF-8"?>
<!DOCTYPE html PUBLIC "-//W3C//DTD XHTML 1.0 Transitional//EN"
    "http://www.w3.org/TR/xhtml1/DTD/xhtml1-transitional.dtd">
<html xmlns="http://www.w3.org/1999/xhtml" xml:lang="en" lang="en">
 <head>
  <title>
</title>
<meta http-equiv="Content-Type" content="text/html;charset=utf-8" />
  <meta name='ocr-system' content='tesseract 3.04.00' />
  <meta name='ocr-capabilities' content='ocr_page ocr_carea ocr_par ocr_line ocrx_word'/>
</head>
<body>
  <div class='ocr_page' id='page_1' title='image "./actaetdecretaco01gibbgoog_0057.png"; bbox 0 0 3264 5332; ppageno 0'>
   <div class='ocr_carea' id='block_1_1' title="bbox 206 489 1327 558">
    <p class='ocr_par' dir='ltr' id='par_1_1' title="bbox 206 489 1327 558">
     <span class='ocr_line' id='line_1_1' title="bbox 206 489 1327 558; baseline 0.001 -3"><span class='ocrx_word' id='word_1_1' title='bbox 206 489 255 555; x_wconf 88' lang='lat' dir='ltr'>lVi</span> <span class='ocrx_word' id='word_1_2' title='bbox 335 504 574 553; x_wconf 78' lang='lat' dir='ltr'>CONCILIUM</span> <span class='ocrx_word' id='word_1_3' title='bbox 603 504 864 552; x_wconf 79' lang='lat' dir='ltr'>PLENARIUM</span> <span class='ocrx_word' id='word_1_4' title='bbox 893 505 1228 554; x_wconf 77' lang='lat' dir='ltr'>BAL&#39;PIMORENSE</span> <span class='ocrx_word' id='word_1_5' title='bbox 1257 508 1327 558; x_wconf 86' lang='lat'><em>111.</em></span> 
     </span>
    </p>
   </div>
   <div class='ocr_carea' id='block_1_2' title="bbox 196 660 1526 3968">
    <p class='ocr_par' dir='ltr' id='par_1_2' title="bbox 205 660 1439 936">
     <span class='ocr_line' id='line_1_2' title="bbox 255 660 1439 752; baseline 0.003 -24"><span class='ocrx_word' id='word_1_6' title='bbox 255 663 350 728; x_wconf 75' lang='lat' dir='ltr'>Cher.</span> <span class='ocrx_word' id='word_1_7' title='bbox 381 661 553 727; x_wconf 78' lang='lat' dir='ltr'>Benedicta</span> <span class='ocrx_word' id='word_1_8' title='bbox 580 661 623 726; x_wconf 91' lang='lat' dir='ltr'>sit</span> <span class='ocrx_word' id='word_1_9' title='bbox 652 660 761 748; x_wconf 86' lang='lat' dir='ltr'>Virgo</span> <span class='ocrx_word' id='word_1_10' title='bbox 798 661 947 748; x_wconf 89' lang='lat' dir='ltr'>Deipara,</span> <span class='ocrx_word' id='word_1_11' title='bbox 976 663 1045 729; x_wconf 90' lang='lat' dir='ltr'>sine</span> <span class='ocrx_word' id='word_1_12' title='bbox 1073 663 1144 729; x_wconf 90' lang='lat' dir='ltr'>labe</span> <span class='ocrx_word' id='word_1_13' title='bbox 1172 665 1323 752; x_wconf 83' lang='lat' dir='ltr'>originali</span> <span class='ocrx_word' id='word_1_14' title='bbox 1350 665 1439 734; x_wconf 91' lang='lat' dir='ltr'>Con·</span> 
     </span>
     <span class='ocr_line' id='line_1_3' title="bbox 206 764 1439 856; baseline 0.004 -24"><span class='ocrx_word' id='word_1_15' title='bbox 206 776 306 853; x_wconf 89' lang='lat' dir='ltr'>cepta,</span> <span class='ocrx_word' id='word_1_16' title='bbox 320 789 402 852; x_wconf 88' lang='lat' dir='ltr'>quae</span> <span class='ocrx_word' id='word_1_17' title='bbox 421 774 469 830; x_wconf 80' lang='lat' dir='ltr'>est</span> <span class='ocrx_word' id='word_1_18' title='bbox 490 765 604 831; x_wconf 87' lang='lat' dir='ltr'>Turris</span> <span class='ocrx_word' id='word_1_19' title='bbox 627 764 778 830; x_wconf 88' lang='lat' dir='ltr'>Eburnea</span> <span class='ocrx_word' id='word_1_20' title='bbox 798 787 840 830; x_wconf 85' lang='lat' dir='ltr'>ex</span> <span class='ocrx_word' id='word_1_21' title='bbox 860 788 925 852; x_wconf 87' lang='lat' dir='ltr'>qua</span> <span class='ocrx_word' id='word_1_22' title='bbox 946 765 1086 852; x_wconf 87' lang='lat' dir='ltr'>pendent</span> <span class='ocrx_word' id='word_1_23' title='bbox 1099 766 1190 833; x_wconf 91' lang='lat' dir='ltr'>mille</span> <span class='ocrx_word' id='word_1_24' title='bbox 1204 768 1318 856; x_wconf 82' lang='lat' dir='ltr'>clypei,</span> <span class='ocrx_word' id='word_1_25' title='bbox 1333 770 1439 837; x_wconf 85' lang='lat' dir='ltr'>omnis</span> 
     </span>
     <span class='ocr_line' id='line_1_4' title="bbox 205 868 536 936; baseline -0.003 0"><span class='ocrx_word' id='word_1_26' title='bbox 205 880 368 936; x_wconf 87' lang='lat' dir='ltr'>armatura</span> <span class='ocrx_word' id='word_1_27' title='bbox 382 868 536 935; x_wconf 87' lang='lat' dir='ltr'>fortiumi</span> 
     </span>
    </p>

    <p class='ocr_par' dir='ltr' id='par_1_3' title="bbox 205 972 1439 1270">
     <span class='ocr_line' id='line_1_5' title="bbox 254 972 1438 1065; baseline 0.004 -26"><span class='ocrx_word' id='word_1_28' title='bbox 254 975 343 1040; x_wconf 62' lang='lat' dir='ltr'>(tart.</span> <span class='ocrx_word' id='word_1_29' title='bbox 365 973 554 1039; x_wconf 85' lang='lat' dir='ltr'>Beatissimo</span> <span class='ocrx_word' id='word_1_30' title='bbox 568 973 719 1039; x_wconf 88' lang='lat' dir='ltr'>Pontifici</span> <span class='ocrx_word' id='word_1_31' title='bbox 741 972 843 1038; x_wconf 88' lang='lat' dir='ltr'>Leoni</span> <span class='ocrx_word' id='word_1_32' title='bbox 866 974 972 1059; x_wconf 91' lang='lat' dir='ltr'>Papae</span> <span class='ocrx_word' id='word_1_33' title='bbox 994 973 1117 1058; x_wconf 90' lang='lat' dir='ltr'>XIII.,</span> <span class='ocrx_word' id='word_1_34' title='bbox 1132 975 1267 1042; x_wconf 79' lang='lat' dir='ltr'>feliciter</span> <span class='ocrx_word' id='word_1_35' title='bbox 1281 977 1438 1065; x_wconf 84' lang='lat' dir='ltr'>regnanti,</span> 
     </span>
     <span class='ocr_line' id='line_1_6' title="bbox 205 1076 1439 1164; baseline 0.002 -20"><span class='ocrx_word' id='word_1_36' title='bbox 205 1079 306 1144; x_wconf 89' lang='lat' dir='ltr'>totius</span> <span class='ocrx_word' id='word_1_37' title='bbox 334 1076 493 1143; x_wconf 77' lang='lat' dir='ltr'>Ecclesiae</span> <span class='ocrx_word' id='word_1_38' title='bbox 521 1077 640 1163; x_wconf 88' lang='lat' dir='ltr'>Capiti,</span> <span class='ocrx_word' id='word_1_39' title='bbox 661 1099 698 1142; x_wconf 88' lang='lat' dir='ltr'>ac</span> <span class='ocrx_word' id='word_1_40' title='bbox 727 1099 804 1142; x_wconf 91' lang='lat' dir='ltr'>vero</span> <span class='ocrx_word' id='word_1_41' title='bbox 829 1076 952 1141; x_wconf 83' lang='lat' dir='ltr'>Christi</span> <span class='ocrx_word' id='word_1_42' title='bbox 974 1076 1009 1141; x_wconf 92' lang='lat' dir='ltr'>in</span> <span class='ocrx_word' id='word_1_43' title='bbox 1030 1079 1124 1144; x_wconf 85' lang='lat' dir='ltr'>terris</span> <span class='ocrx_word' id='word_1_44' title='bbox 1147 1079 1296 1164; x_wconf 73' lang='lat' dir='ltr'>Vicario,</span> <span class='ocrx_word' id='word_1_45' title='bbox 1314 1081 1439 1147; x_wconf 87' lang='lat' dir='ltr'>illibata</span> 
     </span>
     <span class='ocr_line' id='line_1_7' title="bbox 205 1181 734 1270; baseline 0 -23"><span class='ocrx_word' id='word_1_46' title='bbox 205 1183 408 1270; x_wconf 66' lang='lat' dir='ltr'>prosperitas,</span> <span class='ocrx_word' id='word_1_47' title='bbox 422 1189 549 1246; x_wconf 86' lang='lat' dir='ltr'>aeterna</span> <span class='ocrx_word' id='word_1_48' title='bbox 562 1181 734 1247; x_wconf 86' lang='lat' dir='ltr'>memoriai</span> 
     </span>
    </p>

    <p class='ocr_par' dir='ltr' id='par_1_4' title="bbox 204 1256 1526 1666">
     <span class='ocr_line' id='line_1_8' title="bbox 254 1256 1438 1404; baseline 0.003 -51"><span class='ocrx_word' id='word_1_49' title='bbox 254 1286 351 1353; x_wconf 77' lang='lat' dir='ltr'>Cher.</span> <span class='ocrx_word' id='word_1_50' title='bbox 381 1285 521 1372; x_wconf 79' lang='lat' dir='ltr'>Impleat</span> <span class='ocrx_word' id='word_1_51' title='bbox 535 1283 696 1350; x_wconf 88' lang='lat' dir='ltr'>Dominus</span> <span class='ocrx_word' id='word_1_52' title='bbox 710 1283 877 1404; x_wconf 79' lang='lat' dir='ltr'>petitiones</span> <span class='ocrx_word' id='word_1_53' title='bbox 894 1256 1091 1351; x_wconf 86' lang='lat' dir='ltr'>Sanctissimi</span> <span class='ocrx_word' id='word_1_54' title='bbox 1106 1287 1223 1371; x_wconf 85' lang='lat' dir='ltr'>Patris,</span> <span class='ocrx_word' id='word_1_55' title='bbox 1238 1299 1271 1354; x_wconf 90' lang='lat' dir='ltr'>et</span> <span class='ocrx_word' id='word_1_56' title='bbox 1285 1288 1330 1354; x_wconf 86' lang='lat' dir='ltr'>ita</span> <span class='ocrx_word' id='word_1_57' title='bbox 1343 1312 1438 1356; x_wconf 87' lang='lat' dir='ltr'>omne</span> 
     </span>
     <span class='ocr_line' id='line_1_9' title="bbox 205 1388 1438 1479; baseline 0.001 -21"><span class='ocrx_word' id='word_1_58' title='bbox 205 1390 413 1457; x_wconf 90' lang='lat' dir='ltr'>consilium</span> <span class='ocrx_word' id='word_1_59' title='bbox 403 1391 506 1476; x_wconf 88' lang='lat' dir='ltr'>rpsius</span> <span class='ocrx_word' id='word_1_60' title='bbox 532 1388 729 1456; x_wconf 87' lang='lat' dir='ltr'>adversus&#39;</span> <span class='ocrx_word' id='word_1_61' title='bbox 719 1389 866 1453; x_wconf 88' lang='lat' dir='ltr'>mimicos</span> <span class='ocrx_word' id='word_1_62' title='bbox 894 1389 1116 1456; x_wconf 90' lang='lat' dir='ltr'>dilectissimae</span> <span class='ocrx_word' id='word_1_63' title='bbox 1145 1390 1268 1457; x_wconf 84' lang='lat' dir='ltr'>Christi</span> <span class='ocrx_word' id='word_1_64' title='bbox 1296 1392 1438 1479; x_wconf 87' lang='lat' dir='ltr'>Sponsae</span> 
     </span>
     <span class='ocr_line' id='line_1_10' title="bbox 205 1491 1526 1580; baseline 0.002 -19"><span class='ocrx_word' id='word_1_65' title='bbox 205 1497 379 1578; x_wconf 88' lang='lat' dir='ltr'>confirmet,</span> <span class='ocrx_word' id='word_1_66' title='bbox 394 1502 432 1558; x_wconf 90' lang='lat' dir='ltr'>ut</span> <span class='ocrx_word' id='word_1_67' title='bbox 445 1493 486 1559; x_wconf 91' lang='lat' dir='ltr'>ad</span> <span class='ocrx_word' id='word_1_68' title='bbox 500 1493 642 1557; x_wconf 91' lang='lat' dir='ltr'>nihilum</span> <span class='ocrx_word' id='word_1_69' title='bbox 661 1491 833 1558; x_wconf 80' lang='lat' dir='ltr'>deveniant</span> <span class='ocrx_word' id='word_1_70' title='bbox 853 1501 1007 1580; x_wconf 85' lang='lat' dir='ltr'>tanquam</span> <span class='ocrx_word' id='word_1_71' title='bbox 1020 1515 1105 1580; x_wconf 87' lang='lat' dir='ltr'>aqua</span> <span class='ocrx_word' id='word_1_72' title='bbox 1117 1492 1296 1579; x_wconf 86' lang='lat' dir='ltr'>decurrens,</span> <span class='ocrx_word' id='word_1_73' title='bbox 1310 1503 1343 1562; x_wconf 91' lang='lat' dir='ltr'>et</span> <span class='ocrx_word' id='word_1_74' title='bbox 1355 1497 1437 1563; x_wconf 69' lang='lat' dir='ltr'>deut</span> <span class='ocrx_word' id='word_1_75' title='bbox 1523 1492 1526 1496; x_wconf 70' lang='grc'>’</span> 
     </span>
     <span class='ocr_line' id='line_1_11' title="bbox 204 1597 615 1666; baseline -0.007 0"><span class='ocrx_word' id='word_1_76' title='bbox 204 1600 311 1666; x_wconf 88' lang='lat' dir='ltr'>deficit</span> <span class='ocrx_word' id='word_1_77' title='bbox 325 1599 435 1664; x_wconf 90' lang='lat' dir='ltr'>fumus</span> <span class='ocrx_word' id='word_1_78' title='bbox 449 1597 615 1663; x_wconf 79' lang='lat' dir='ltr'>deficienti</span> 
     </span>
    </p>

    <p class='ocr_par' dir='ltr' id='par_1_5' title="bbox 204 1699 1437 2098">
     <span class='ocr_line' id='line_1_12' title="bbox 253 1699 1436 1789; baseline 0.002 -21"><span class='ocrx_word' id='word_1_79' title='bbox 253 1702 342 1769; x_wconf 72' lang='lat' dir='ltr'>(bnt.</span> <span class='ocrx_word' id='word_1_80' title='bbox 372 1699 1189 1789; x_wconf 85' lang='lat' dir='ltr'>IllustrissimoacRevcrendissimoArchiepisccpo</span> <span class='ocrx_word' id='word_1_81' title='bbox 1200 1703 1436 1788; x_wconf 85' lang='lat' dir='ltr'>Baltimorensi,</span> 
     </span>
     <span class='ocr_line' id='line_1_13' title="bbox 205 1801 1437 1894; baseline 0.001 -22"><span class='ocrx_word' id='word_1_82' title='bbox 205 1807 409 1894; x_wconf 83' lang='lat' dir='ltr'>Apostolieae</span> <span class='ocrx_word' id='word_1_83' title='bbox 438 1804 529 1871; x_wconf 86' lang='lat' dir='ltr'>Sedis</span> <span class='ocrx_word' id='word_1_84' title='bbox 554 1803 721 1891; x_wconf 86' lang='lat' dir='ltr'>Dclcgato,</span> <span class='ocrx_word' id='word_1_85' title='bbox 742 1805 833 1889; x_wconf 89' lang='lat' dir='ltr'>cujus</span> <span class='ocrx_word' id='word_1_86' title='bbox 857 1801 961 1870; x_wconf 89' lang='lat' dir='ltr'>officio</span> <span class='ocrx_word' id='word_1_87' title='bbox 985 1814 1018 1870; x_wconf 90' lang='lat' dir='ltr'>et</span> <span class='ocrx_word' id='word_1_88' title='bbox 1042 1827 1138 1892; x_wconf 88' lang='lat' dir='ltr'>opera</span> <span class='ocrx_word' id='word_1_89' title='bbox 1166 1805 1226 1871; x_wconf 93' lang='lat' dir='ltr'>hoc</span> <span class='ocrx_word' id='word_1_90' title='bbox 1254 1806 1437 1873; x_wconf 87' lang='lat' dir='ltr'>Concilium</span> 
     </span>
     <span class='ocr_line' id='line_1_14' title="bbox 205 1906 1436 1997; baseline 0 -20"><span class='ocrx_word' id='word_1_91' title='bbox 205 1910 392 1977; x_wconf 86' lang='lat' dir='ltr'>Plenarium</span> <span class='ocrx_word' id='word_1_92' title='bbox 405 1908 628 1990; x_wconf 85' lang='lat' dir='ltr'>coadunatum,</span> <span class='ocrx_word' id='word_1_93' title='bbox 642 1907 809 1991; x_wconf 89' lang='lat' dir='ltr'>directum,</span> <span class='ocrx_word' id='word_1_94' title='bbox 823 1906 910 1972; x_wconf 90' lang='lat' dir='ltr'>etad</span> <span class='ocrx_word' id='word_1_95' title='bbox 926 1906 1050 1973; x_wconf 85' lang='lat' dir='ltr'>felicem</span> <span class='ocrx_word' id='word_1_96' title='bbox 1064 1909 1161 1974; x_wconf 87' lang='lat' dir='ltr'>finem</span> <span class='ocrx_word' id='word_1_97' title='bbox 1175 1919 1223 1975; x_wconf 77' lang='lat' dir='ltr'>eat</span> <span class='ocrx_word' id='word_1_98' title='bbox 1236 1910 1436 1997; x_wconf 88' lang='lat' dir='ltr'>perductum,</span> 
     </span>
     <span class='ocr_line' id='line_1_15' title="bbox 204 2007 935 2098; baseline -0.004 -17"><span class='ocrx_word' id='word_1_99' title='bbox 204 2039 277 2082; x_wconf 92' lang='lat' dir='ltr'>cum</span> <span class='ocrx_word' id='word_1_100' title='bbox 293 2013 405 2079; x_wconf 89' lang='lat' dir='ltr'>multis</span> <span class='ocrx_word' id='word_1_101' title='bbox 418 2011 511 2078; x_wconf 89' lang='lat' dir='ltr'>annis</span> <span class='ocrx_word' id='word_1_102' title='bbox 525 2034 659 2096; x_wconf 89' lang='lat' dir='ltr'>magnae</span> <span class='ocrx_word' id='word_1_103' title='bbox 673 2012 810 2098; x_wconf 78' lang='lat' dir='ltr'>gratiaci</span> <span class='ocrx_word' id='word_1_104' title='bbox 926 2007 935 2017; x_wconf 52' lang='lat'>⁸</span> 
     </span>
    </p>

    <p class='ocr_par' dir='ltr' id='par_1_6' title="bbox 203 2114 1435 2311">
     <span class='ocr_line' id='line_1_16' title="bbox 252 2114 1435 2202; baseline 0.001 -17"><span class='ocrx_word' id='word_1_105' title='bbox 252 2119 349 2186; x_wconf 84' lang='lat' dir='ltr'>Cher.</span> <span class='ocrx_word' id='word_1_106' title='bbox 379 2117 465 2184; x_wconf 91' lang='lat' dir='ltr'>Cum</span> <span class='ocrx_word' id='word_1_107' title='bbox 487 2114 601 2181; x_wconf 87' lang='lat' dir='ltr'>multis</span> <span class='ocrx_word' id='word_1_108' title='bbox 628 2116 722 2180; x_wconf 85' lang='lat' dir='ltr'>annis</span> <span class='ocrx_word' id='word_1_109' title='bbox 742 2137 876 2202; x_wconf 86' lang='lat' dir='ltr'>magnae</span> <span class='ocrx_word' id='word_1_110' title='bbox 904 2117 1043 2202; x_wconf 82' lang='lat' dir='ltr'>gratiaci</span> <span class='ocrx_word' id='word_1_111' title='bbox 1089 2118 1250 2184; x_wconf 86' lang='lat' dir='ltr'>Dominus</span> <span class='ocrx_word' id='word_1_112' title='bbox 1278 2119 1435 2186; x_wconf 87' lang='lat' dir='ltr'>retribuat</span> 
     </span>
     <span class='ocr_line' id='line_1_17' title="bbox 203 2218 1433 2311; baseline 0.002 -22"><span class='ocrx_word' id='word_1_113' title='bbox 203 2245 335 2311; x_wconf 89' lang='lat' dir='ltr'>operum</span> <span class='ocrx_word' id='word_1_114' title='bbox 349 2223 418 2308; x_wconf 88' lang='lat' dir='ltr'>ejus</span> <span class='ocrx_word' id='word_1_115' title='bbox 432 2219 625 2302; x_wconf 90' lang='lat' dir='ltr'>mercedem;</span> <span class='ocrx_word' id='word_1_116' title='bbox 648 2218 941 2284; x_wconf 89' lang='lat' dir='ltr'>immarcescibilem</span> <span class='ocrx_word' id='word_1_117' title='bbox 962 2219 1084 2306; x_wconf 83' lang='lat' dir='ltr'>gloriae</span> <span class='ocrx_word' id='word_1_118' title='bbox 1100 2244 1248 2287; x_wconf 91' lang='lat' dir='ltr'>coronam</span> <span class='ocrx_word' id='word_1_119' title='bbox 1263 2224 1433 2310; x_wconf 88' lang='lat' dir='ltr'>percipiati</span> 
     </span>
    </p>

    <p class='ocr_par' dir='ltr' id='par_1_7' title="bbox 202 2322 1436 2621">
     <span class='ocr_line' id='line_1_18' title="bbox 251 2322 1436 2413; baseline -0.001 -21"><span class='ocrx_word' id='word_1_120' title='bbox 251 2326 340 2393; x_wconf 68' lang='lat' dir='ltr'>(aa.</span> <span class='ocrx_word' id='word_1_121' title='bbox 371 2322 657 2391; x_wconf 84' lang='lat' dir='ltr'>Reverendissimis</span> <span class='ocrx_word' id='word_1_122' title='bbox 678 2322 937 2410; x_wconf 87' lang='lat' dir='ltr'>Archiepiscopis</span> <span class='ocrx_word' id='word_1_123' title='bbox 956 2333 989 2388; x_wconf 94' lang='lat' dir='ltr'>et</span> <span class='ocrx_word' id='word_1_124' title='bbox 1009 2323 1187 2412; x_wconf 90' lang='lat' dir='ltr'>Episcopis,</span> <span class='ocrx_word' id='word_1_125' title='bbox 1201 2326 1258 2413; x_wconf 93' lang='lat' dir='ltr'>qui</span> <span class='ocrx_word' id='word_1_126' title='bbox 1274 2326 1335 2392; x_wconf 90' lang='lat' dir='ltr'>hoc</span> <span class='ocrx_word' id='word_1_127' title='bbox 1348 2327 1436 2394; x_wconf 88' lang='lat' dir='ltr'>Con·</span> 
     </span>
     <span class='ocr_line' id='line_1_19' title="bbox 203 2426 1436 2513; baseline -0.001 -15"><span class='ocrx_word' id='word_1_128' title='bbox 203 2431 314 2498; x_wconf 89' lang='lat' dir='ltr'>cilium</span> <span class='ocrx_word' id='word_1_129' title='bbox 336 2429 523 2495; x_wconf 87' lang='lat' dir='ltr'>Plenarium</span> <span class='ocrx_word' id='word_1_130' title='bbox 543 2426 688 2493; x_wconf 88' lang='lat' dir='ltr'>doctrina</span> <span class='ocrx_word' id='word_1_131' title='bbox 709 2427 942 2513; x_wconf 88' lang='lat' dir='ltr'>prudentiaque</span> <span class='ocrx_word' id='word_1_132' title='bbox 955 2449 1014 2493; x_wconf 91' lang='lat' dir='ltr'>sua</span> <span class='ocrx_word' id='word_1_133' title='bbox 1027 2427 1241 2512; x_wconf 87' lang='lat' dir='ltr'>illustrarunt,</span> <span class='ocrx_word' id='word_1_134' title='bbox 1255 2429 1380 2496; x_wconf 87' lang='lat' dir='ltr'>felicem</span> <span class='ocrx_word' id='word_1_135' title='bbox 1393 2429 1436 2496; x_wconf 89' lang='lat' dir='ltr'>ad</span> 
     </span>
     <span class='ocr_line' id='line_1_20' title="bbox 202 2529 1173 2621; baseline -0.002 -20"><span class='ocrx_word' id='word_1_136' title='bbox 202 2556 313 2602; x_wconf 88' lang='lat' dir='ltr'>eorum</span> <span class='ocrx_word' id='word_1_137' title='bbox 327 2556 439 2621; x_wconf 81' lang='lat' dir='ltr'>greges</span> <span class='ocrx_word' id='word_1_138' title='bbox 451 2531 603 2615; x_wconf 90' lang='lat' dir='ltr'>reditum,</span> <span class='ocrx_word' id='word_1_139' title='bbox 618 2531 731 2614; x_wconf 84' lang='lat' dir='ltr'>vitam,</span> <span class='ocrx_word' id='word_1_140' title='bbox 747 2530 827 2596; x_wconf 91' lang='lat' dir='ltr'>etin</span> <span class='ocrx_word' id='word_1_141' title='bbox 841 2529 912 2596; x_wconf 91' lang='lat' dir='ltr'>Deo</span> <span class='ocrx_word' id='word_1_142' title='bbox 927 2531 1035 2596; x_wconf 89' lang='lat' dir='ltr'>omnia</span> <span class='ocrx_word' id='word_1_143' title='bbox 1049 2531 1173 2599; x_wconf 88' lang='lat' dir='ltr'>faustai</span> 
     </span>
    </p>

    <p class='ocr_par' dir='ltr' id='par_1_8' title="bbox 202 2633 1452 2810">
     <span class='ocr_line' id='line_1_21' title="bbox 250 2633 1436 2722; baseline 0.001 -17"><span class='ocrx_word' id='word_1_144' title='bbox 250 2639 348 2706; x_wconf 86' lang='lat' dir='ltr'>Chor.</span> <span class='ocrx_word' id='word_1_145' title='bbox 379 2637 451 2703; x_wconf 84' lang='lat' dir='ltr'>Pax</span> <span class='ocrx_word' id='word_1_146' title='bbox 486 2635 688 2722; x_wconf 89' lang='lat' dir='ltr'>sempiterna,</span> <span class='ocrx_word' id='word_1_147' title='bbox 717 2634 878 2700; x_wconf 88' lang='lat' dir='ltr'>uberrima</span> <span class='ocrx_word' id='word_1_148' title='bbox 914 2633 1155 2722; x_wconf 89' lang='lat' dir='ltr'>Omnipotentis</span> <span class='ocrx_word' id='word_1_149' title='bbox 1191 2636 1368 2704; x_wconf 88' lang='lat' dir='ltr'>benedictio</span> <span class='ocrx_word' id='word_1_150' title='bbox 1403 2648 1436 2706; x_wconf 91' lang='lat' dir='ltr'>et</span> 
     </span>
     <span class='ocr_line' id='line_1_22' title="bbox 202 2739 1452 2810; baseline -0.01 0"><span class='ocrx_word' id='word_1_151' title='bbox 202 2742 349 2810; x_wconf 89' lang='lat' dir='ltr'>laborum</span> <span class='ocrx_word' id='word_1_152' title='bbox 363 2741 456 2807; x_wconf 87' lang='lat' dir='ltr'>beata</span> <span class='ocrx_word' id='word_1_153' title='bbox 469 2739 656 2805; x_wconf 89' lang='lat' dir='ltr'>retributioi</span> <span class='ocrx_word' id='word_1_154' title='bbox 1449 2775 1452 2780; x_wconf 91' lang='lat'>·</span> 
     </span>
    </p>

    <p class='ocr_par' dir='ltr' id='par_1_9' title="bbox 196 2776 1435 3246">
     <span class='ocr_line' id='line_1_23' title="bbox 250 2776 1435 2966; baseline -0.002 -53"><span class='ocrx_word' id='word_1_155' title='bbox 250 2847 338 2914; x_wconf 69' lang='lat' dir='ltr'>Oce.</span> <span class='ocrx_word' id='word_1_156' title='bbox 369 2841 654 2910; x_wconf 89' lang='lat' dir='ltr'>Reverendissimis</span> <span class='ocrx_word' id='word_1_157' title='bbox 662 2776 1096 2926; x_wconf 83' lang='lat' dir='ltr'>Abbatibus,acAdmodum</span> <span class='ocrx_word' id='word_1_158' title='bbox 1106 2844 1302 2911; x_wconf 82' lang='lat' dir='ltr'>Reverendis</span> <span class='ocrx_word' id='word_1_159' title='bbox 1311 2845 1435 2966; x_wconf 77' lang='lat' dir='ltr'>Religi-</span> 
     </span>
     <span class='ocr_line' id='line_1_24' title="bbox 202 2945 1435 3036; baseline -0.002 -19"><span class='ocrx_word' id='word_1_160' title='bbox 202 2973 328 3017; x_wconf 88' lang='lat' dir='ltr'>osarum</span> <span class='ocrx_word' id='word_1_161' title='bbox 351 2948 572 3015; x_wconf 87' lang='lat' dir='ltr'>Communitat</span> <span class='ocrx_word' id='word_1_162' title='bbox 559 2956 629 3012; x_wconf 88' lang='lat' dir='ltr'>tum</span> <span class='ocrx_word' id='word_1_163' title='bbox 650 2945 884 3032; x_wconf 85' lang='lat' dir='ltr'>Superioribus,</span> <span class='ocrx_word' id='word_1_164' title='bbox 899 2960 1021 3010; x_wconf 89' lang='lat' dir='ltr'>necnon</span> <span class='ocrx_word' id='word_1_165' title='bbox 1042 2957 1074 3012; x_wconf 88' lang='lat' dir='ltr'>et</span> <span class='ocrx_word' id='word_1_166' title='bbox 1095 2948 1278 3034; x_wconf 87' lang='lat' dir='ltr'>Theologis,</span> <span class='ocrx_word' id='word_1_167' title='bbox 1298 2949 1356 3036; x_wconf 92' lang='lat' dir='ltr'>qui</span> <span class='ocrx_word' id='word_1_168' title='bbox 1377 2973 1435 3015; x_wconf 91' lang='lat' dir='ltr'>sua</span> 
     </span>
     <span class='ocr_line' id='line_1_25' title="bbox 202 3049 1435 3140; baseline -0.001 -20"><span class='ocrx_word' id='word_1_169' title='bbox 202 3055 346 3120; x_wconf 87' lang='lat' dir='ltr'>doctrina</span> <span class='ocrx_word' id='word_1_170' title='bbox 363 3075 485 3140; x_wconf 92' lang='lat' dir='ltr'>suoque</span> <span class='ocrx_word' id='word_1_171' title='bbox 503 3073 598 3138; x_wconf 88' lang='lat' dir='ltr'>opere</span> <span class='ocrx_word' id='word_1_172' title='bbox 619 3049 681 3115; x_wconf 89' lang='lat' dir='ltr'>Pat</span> <span class='ocrx_word' id='word_1_173' title='bbox 668 3059 731 3115; x_wconf 89' lang='lat' dir='ltr'>tres</span> <span class='ocrx_word' id='word_1_174' title='bbox 749 3050 784 3115; x_wconf 91' lang='lat' dir='ltr'>in</span> <span class='ocrx_word' id='word_1_175' title='bbox 804 3049 978 3115; x_wconf 87' lang='lat' dir='ltr'>tractandis</span> <span class='ocrx_word' id='word_1_176' title='bbox 996 3051 1133 3138; x_wconf 88' lang='lat' dir='ltr'>negotiis</span> <span class='ocrx_word' id='word_1_177' title='bbox 1151 3052 1342 3138; x_wconf 88' lang='lat' dir='ltr'>juvarunt,</span> <span class='ocrx_word' id='word_1_178' title='bbox 1333 3075 1435 3120; x_wconf 78' lang='lat' dir='ltr'>incre-</span> 
     </span>
     <span class='ocr_line' id='line_1_26' title="bbox 196 3153 797 3246; baseline -0.007 -22"><span class='ocrx_word' id='word_1_179' title='bbox 196 3165 346 3224; x_wconf 91' lang='lat' dir='ltr'>mentum</span> <span class='ocrx_word' id='word_1_180' title='bbox 359 3158 490 3246; x_wconf 88' lang='lat' dir='ltr'>gratiae,</span> <span class='ocrx_word' id='word_1_181' title='bbox 505 3168 631 3220; x_wconf 88' lang='lat' dir='ltr'>aeterna</span> <span class='ocrx_word' id='word_1_182' title='bbox 644 3153 797 3220; x_wconf 85' lang='lat' dir='ltr'>felicitasi</span> 
     </span>
    </p>

    <p class='ocr_par' dir='ltr' id='par_1_10' title="bbox 199 3258 1434 3641">
     <span class='ocr_line' id='line_1_27' title="bbox 249 3258 1434 3347; baseline -0.002 -18"><span class='ocrx_word' id='word_1_183' title='bbox 249 3263 345 3330; x_wconf 79' lang='lat' dir='ltr'>otor.</span> <span class='ocrx_word' id='word_1_184' title='bbox 380 3261 446 3325; x_wconf 86' lang='lat' dir='ltr'>Det</span> <span class='ocrx_word' id='word_1_185' title='bbox 467 3261 512 3325; x_wconf 90' lang='lat' dir='ltr'>eis</span> <span class='ocrx_word' id='word_1_186' title='bbox 537 3258 638 3341; x_wconf 79' lang='lat' dir='ltr'>Deua,</span> <span class='ocrx_word' id='word_1_187' title='bbox 658 3258 834 3322; x_wconf 88' lang='lat' dir='ltr'>secundum</span> <span class='ocrx_word' id='word_1_188' title='bbox 860 3258 960 3324; x_wconf 86' lang='lat' dir='ltr'>Suam</span> <span class='ocrx_word' id='word_1_189' title='bbox 988 3259 1173 3347; x_wconf 86' lang='lat' dir='ltr'>bonitatem,</span> <span class='ocrx_word' id='word_1_190' title='bbox 1196 3284 1291 3327; x_wconf 90' lang='lat' dir='ltr'>omne</span> <span class='ocrx_word' id='word_1_191' title='bbox 1312 3261 1434 3327; x_wconf 94' lang='lat' dir='ltr'>donum</span> 
     </span>
     <span class='ocr_line' id='line_1_28' title="bbox 201 3360 1434 3455; baseline -0.002 -24"><span class='ocrx_word' id='word_1_192' title='bbox 201 3367 396 3455; x_wconf 82' lang='lat' dir='ltr'>perfectuml</span> <span class='ocrx_word' id='word_1_193' title='bbox 434 3363 523 3429; x_wconf 93' lang='lat' dir='ltr'>Deus</span> <span class='ocrx_word' id='word_1_194' title='bbox 537 3362 740 3427; x_wconf 88' lang='lat' dir='ltr'>scientiarum</span> <span class='ocrx_word' id='word_1_195' title='bbox 753 3371 785 3425; x_wconf 92' lang='lat' dir='ltr'>et</span> <span class='ocrx_word' id='word_1_196' title='bbox 796 3361 865 3427; x_wconf 91' lang='lat' dir='ltr'>veri</span> <span class='ocrx_word' id='word_1_197' title='bbox 879 3360 1014 3426; x_wconf 87' lang='lat' dir='ltr'>luminis</span> <span class='ocrx_word' id='word_1_198' title='bbox 1027 3361 1100 3426; x_wconf 88' lang='lat' dir='ltr'>fons</span> <span class='ocrx_word' id='word_1_199' title='bbox 1111 3363 1302 3446; x_wconf 89' lang='lat' dir='ltr'>indeficiens,</span> <span class='ocrx_word' id='word_1_200' title='bbox 1314 3376 1434 3430; x_wconf 88' lang='lat' dir='ltr'>mentes</span> 
     </span>
     <span class='ocr_line' id='line_1_29' title="bbox 201 3464 1434 3556; baseline -0.002 -20"><span class='ocrx_word' id='word_1_201' title='bbox 201 3493 310 3537; x_wconf 92' lang='lat' dir='ltr'>eorum</span> <span class='ocrx_word' id='word_1_202' title='bbox 332 3489 486 3556; x_wconf 88' lang='lat' dir='ltr'>supernae</span> <span class='ocrx_word' id='word_1_203' title='bbox 507 3465 661 3531; x_wconf 87' lang='lat' dir='ltr'>claritatis</span> <span class='ocrx_word' id='word_1_204' title='bbox 682 3464 805 3529; x_wconf 91' lang='lat' dir='ltr'>lumine</span> <span class='ocrx_word' id='word_1_205' title='bbox 825 3464 974 3548; x_wconf 81' lang='lat' dir='ltr'>illustret,</span> <span class='ocrx_word' id='word_1_206' title='bbox 994 3465 1098 3553; x_wconf 89' lang='lat' dir='ltr'>gratia</span> <span class='ocrx_word' id='word_1_207' title='bbox 1119 3464 1236 3550; x_wconf 88' lang='lat' dir='ltr'>foveat,</span> <span class='ocrx_word' id='word_1_208' title='bbox 1251 3467 1434 3556; x_wconf 88' lang='lat' dir='ltr'>virtuteque</span> 
     </span>
     <span class='ocr_line' id='line_1_30' title="bbox 199 3573 398 3641; baseline -0.015 0"><span class='ocrx_word' id='word_1_209' title='bbox 199 3573 398 3641; x_wconf 84' lang='lat' dir='ltr'>corroborati</span> 
     </span>
    </p>

    <p class='ocr_par' dir='ltr' id='par_1_11' title="bbox 200 3671 1432 3848">
     <span class='ocr_line' id='line_1_31' title="bbox 248 3671 1432 3762; baseline -0.003 -18"><span class='ocrx_word' id='word_1_210' title='bbox 248 3677 337 3744; x_wconf 67' lang='lat' dir='ltr'>(em.</span> <span class='ocrx_word' id='word_1_211' title='bbox 367 3676 463 3743; x_wconf 91' lang='lat' dir='ltr'>Clero</span> <span class='ocrx_word' id='word_1_212' title='bbox 478 3675 612 3740; x_wconf 89' lang='lat' dir='ltr'>istarum</span> <span class='ocrx_word' id='word_1_213' title='bbox 623 3671 880 3758; x_wconf 85' lang='lat' dir='ltr'>Provinciamm,</span> <span class='ocrx_word' id='word_1_214' title='bbox 890 3680 923 3738; x_wconf 89' lang='lat' dir='ltr'>et</span> <span class='ocrx_word' id='word_1_215' title='bbox 935 3672 1086 3741; x_wconf 88' lang='lat' dir='ltr'>universo</span> <span class='ocrx_word' id='word_1_216' title='bbox 1100 3673 1222 3740; x_wconf 88' lang='lat' dir='ltr'>Christi</span> <span class='ocrx_word' id='word_1_217' title='bbox 1235 3674 1336 3762; x_wconf 83' lang='lat' dir='ltr'>gregi,</span> <span class='ocrx_word' id='word_1_218' title='bbox 1345 3676 1432 3762; x_wconf 85' lang='lat' dir='ltr'>salus</span> 
     </span>
     <span class='ocr_line' id='line_1_32' title="bbox 200 3779 633 3848; baseline -0.007 -1"><span class='ocrx_word' id='word_1_219' title='bbox 200 3791 232 3848; x_wconf 88' lang='lat' dir='ltr'>et</span> <span class='ocrx_word' id='word_1_220' title='bbox 245 3780 423 3846; x_wconf 89' lang='lat' dir='ltr'>benedictio</span> <span class='ocrx_word' id='word_1_221' title='bbox 435 3802 456 3845; x_wconf 88' lang='lat' dir='ltr'>a</span> <span class='ocrx_word' id='word_1_222' title='bbox 470 3779 613 3843; x_wconf 89' lang='lat' dir='ltr'>Domino</span> <span class='ocrx_word' id='word_1_223' title='bbox 624 3779 633 3844; x_wconf 89' lang='lat' dir='ltr'>l</span> 
     </span>
    </p>

    <p class='ocr_par' dir='ltr' id='par_1_12' title="bbox 248 3881 1520 3968">
     <span class='ocr_line' id='line_1_33' title="bbox 248 3881 1520 3968; baseline -0.002 -17"><span class='ocrx_word' id='word_1_224' title='bbox 248 3885 344 3951; x_wconf 84' lang='lat' dir='ltr'>Cher.</span> <span class='ocrx_word' id='word_1_225' title='bbox 375 3882 459 3952; x_wconf 84' lang='lat' dir='ltr'>Vias</span> <span class='ocrx_word' id='word_1_226' title='bbox 474 3891 556 3965; x_wconf 87' lang='lat' dir='ltr'>tuas,</span> <span class='ocrx_word' id='word_1_227' title='bbox 571 3881 720 3964; x_wconf 89' lang='lat' dir='ltr'>Domine,</span> <span class='ocrx_word' id='word_1_228' title='bbox 735 3882 918 3946; x_wconf 87' lang='lat' dir='ltr'>demonstra</span> <span class='ocrx_word' id='word_1_229' title='bbox 931 3881 1008 3965; x_wconf 91' lang='lat' dir='ltr'>illis,</span> <span class='ocrx_word' id='word_1_230' title='bbox 1019 3889 1051 3946; x_wconf 88' lang='lat' dir='ltr'>et</span> <span class='ocrx_word' id='word_1_231' title='bbox 1064 3881 1168 3968; x_wconf 79' lang='lat' dir='ltr'>dirige</span> <span class='ocrx_word' id='word_1_232' title='bbox 1181 3883 1283 3947; x_wconf 87' lang='lat' dir='ltr'>cosin</span> <span class='ocrx_word' id='word_1_233' title='bbox 1299 3883 1432 3949; x_wconf 87' lang='lat' dir='ltr'>veritate</span> <span class='ocrx_word' id='word_1_234' title='bbox 1513 3943 1520 3949; x_wconf 79' lang='grc'>,</span> 
     </span>
    </p>
   </div>
   <div class='ocr_carea' id='block_1_3' title="bbox 199 3984 1532 4073">
    <p class='ocr_par' dir='ltr' id='par_1_13' title="bbox 199 3984 1532 4073">
     <span class='ocr_line' id='line_1_34' title="bbox 199 3984 1532 4073; baseline -0.003 -17"><span class='ocrx_word' id='word_1_235' title='bbox 199 3997 265 4073; x_wconf 88' lang='lat' dir='ltr'>tua,</span> <span class='ocrx_word' id='word_1_236' title='bbox 279 3999 397 4054; x_wconf 93' lang='lat' dir='ltr'>utnon</span> <span class='ocrx_word' id='word_1_237' title='bbox 413 3986 644 4053; x_wconf 87' lang='lat' dir='ltr'>obliviscantur</span> <span class='ocrx_word' id='word_1_238' title='bbox 658 4007 753 4071; x_wconf 88' lang='lat' dir='ltr'>opera</span> <span class='ocrx_word' id='word_1_239' title='bbox 766 3985 940 4067; x_wconf 84' lang='lat' dir='ltr'>Altissimi,</span> <span class='ocrx_word' id='word_1_240' title='bbox 951 3994 984 4050; x_wconf 92' lang='lat' dir='ltr'>et</span> <span class='ocrx_word' id='word_1_241' title='bbox 998 3984 1148 4050; x_wconf 87' lang='lat' dir='ltr'>mandata</span> <span class='ocrx_word' id='word_1_242' title='bbox 1161 3987 1229 4071; x_wconf 89' lang='lat' dir='ltr'>ejus</span> <span class='ocrx_word' id='word_1_243' title='bbox 1243 3985 1429 4071; x_wconf 78' lang='lat' dir='ltr'>exquirenti</span> <span class='ocrx_word' id='word_1_244' title='bbox 1505 4065 1507 4069; x_wconf 10' lang='lat'><strong>¹</strong></span> <span class='ocrx_word' id='word_1_245' title='bbox 1525 4023 1532 4030; x_wconf 87' lang='lat'><strong>·</strong></span> 
     </span>
    </p>
   </div>
   <div class='ocr_carea' id='block_1_4' title="bbox 196 4088 1430 4692">
    <p class='ocr_par' dir='ltr' id='par_1_14' title="bbox 198 4088 1430 4280">
     <span class='ocr_line' id='line_1_35' title="bbox 247 4088 1430 4176; baseline -0.004 -17"><span class='ocrx_word' id='word_1_246' title='bbox 247 4093 336 4159; x_wconf 79' lang='lat' dir='ltr'>Chai.</span> <span class='ocrx_word' id='word_1_247' title='bbox 366 4091 483 4156; x_wconf 83' lang='lat' dir='ltr'>Almae</span> <span class='ocrx_word' id='word_1_248' title='bbox 503 4100 628 4155; x_wconf 89' lang='lat' dir='ltr'>nostrae</span> <span class='ocrx_word' id='word_1_249' title='bbox 649 4088 867 4175; x_wconf 78' lang='lat' dir='ltr'>Reipublicae,</span> <span class='ocrx_word' id='word_1_250' title='bbox 881 4111 947 4176; x_wconf 86' lang='lat' dir='ltr'>pax</span> <span class='ocrx_word' id='word_1_251' title='bbox 966 4110 1101 4172; x_wconf 90' lang='lat' dir='ltr'>summa,</span> <span class='ocrx_word' id='word_1_252' title='bbox 1116 4089 1308 4175; x_wconf 88' lang='lat' dir='ltr'>prosperitas</span> <span class='ocrx_word' id='word_1_253' title='bbox 1324 4089 1430 4176; x_wconf 90' lang='lat' dir='ltr'>plena,</span> 
     </span>
     <span class='ocr_line' id='line_1_36' title="bbox 198 4191 1013 4280; baseline -0.006 -17"><span class='ocrx_word' id='word_1_254' title='bbox 198 4219 235 4263; x_wconf 86' lang='lat' dir='ltr'>ac</span> <span class='ocrx_word' id='word_1_255' title='bbox 249 4196 311 4262; x_wconf 91' lang='lat' dir='ltr'>Dei</span> <span class='ocrx_word' id='word_1_256' title='bbox 326 4193 567 4280; x_wconf 81' lang='lat' dir='ltr'>Omnipotcntis</span> <span class='ocrx_word' id='word_1_257' title='bbox 580 4192 805 4278; x_wconf 86' lang='lat' dir='ltr'>supereffluens</span> <span class='ocrx_word' id='word_1_258' title='bbox 820 4191 1013 4258; x_wconf 90' lang='lat' dir='ltr'>benedictioi</span> 
     </span>
    </p>

    <p class='ocr_par' dir='ltr' id='par_1_15' title="bbox 196 4295 1430 4492">
     <span class='ocr_line' id='line_1_37' title="bbox 246 4295 1430 4384; baseline -0.003 -18"><span class='ocrx_word' id='word_1_259' title='bbox 246 4301 343 4368; x_wconf 84' lang='lat' dir='ltr'>Cher.</span> <span class='ocrx_word' id='word_1_260' title='bbox 373 4298 426 4364; x_wconf 92' lang='lat' dir='ltr'>Da</span> <span class='ocrx_word' id='word_1_261' title='bbox 440 4320 559 4384; x_wconf 87' lang='lat' dir='ltr'>paoem,</span> <span class='ocrx_word' id='word_1_262' title='bbox 571 4297 721 4380; x_wconf 90' lang='lat' dir='ltr'>Domine,</span> <span class='ocrx_word' id='word_1_263' title='bbox 733 4296 768 4360; x_wconf 91' lang='lat' dir='ltr'>in</span> <span class='ocrx_word' id='word_1_264' title='bbox 781 4295 894 4361; x_wconf 91' lang='lat' dir='ltr'>diebus</span> <span class='ocrx_word' id='word_1_265' title='bbox 908 4295 1034 4379; x_wconf 90' lang='lat' dir='ltr'>nostris,</span> <span class='ocrx_word' id='word_1_266' title='bbox 1045 4296 1122 4383; x_wconf 88' lang='lat' dir='ltr'>quia</span> <span class='ocrx_word' id='word_1_267' title='bbox 1136 4319 1202 4360; x_wconf 90' lang='lat' dir='ltr'>non</span> <span class='ocrx_word' id='word_1_268' title='bbox 1216 4305 1263 4361; x_wconf 81' lang='lat' dir='ltr'>est</span> <span class='ocrx_word' id='word_1_269' title='bbox 1275 4295 1359 4362; x_wconf 89' lang='lat' dir='ltr'>alius</span> <span class='ocrx_word' id='word_1_270' title='bbox 1373 4298 1430 4384; x_wconf 92' lang='lat' dir='ltr'>qui</span> 
     </span>
     <span class='ocr_line' id='line_1_38' title="bbox 196 4400 909 4492; baseline -0.004 -23"><span class='ocrx_word' id='word_1_271' title='bbox 196 4413 319 4492; x_wconf 89' lang='lat' dir='ltr'>pugnet</span> <span class='ocrx_word' id='word_1_272' title='bbox 332 4426 392 4491; x_wconf 92' lang='lat' dir='ltr'>pro</span> <span class='ocrx_word' id='word_1_273' title='bbox 406 4401 509 4484; x_wconf 89' lang='lat' dir='ltr'>nobis,</span> <span class='ocrx_word' id='word_1_274' title='bbox 524 4401 587 4465; x_wconf 87' lang='lat' dir='ltr'>nisi</span> <span class='ocrx_word' id='word_1_275' title='bbox 601 4401 654 4466; x_wconf 86' lang='lat' dir='ltr'>Tu</span> <span class='ocrx_word' id='word_1_276' title='bbox 669 4400 758 4465; x_wconf 89' lang='lat' dir='ltr'>Deus</span> <span class='ocrx_word' id='word_1_277' title='bbox 772 4400 805 4466; x_wconf 91' lang='lat' dir='ltr'>N</span> <span class='ocrx_word' id='word_1_278' title='bbox 808 4401 909 4466; x_wconf 91' lang='lat' dir='ltr'>osteri</span> 
     </span>
    </p>

    <p class='ocr_par' dir='ltr' id='par_1_16' title="bbox 196 4503 1428 4692">
     <span class='ocr_line' id='line_1_39' title="bbox 245 4503 1428 4592; baseline -0.003 -18"><span class='ocrx_word' id='word_1_279' title='bbox 245 4509 333 4574; x_wconf 76' lang='lat' dir='ltr'>Cant.</span> <span class='ocrx_word' id='word_1_280' title='bbox 364 4506 527 4574; x_wconf 88' lang='lat' dir='ltr'>Universo</span> <span class='ocrx_word' id='word_1_281' title='bbox 546 4504 662 4569; x_wconf 90' lang='lat' dir='ltr'>harum</span> <span class='ocrx_word' id='word_1_282' title='bbox 683 4503 928 4569; x_wconf 88' lang='lat' dir='ltr'>Provinciarum</span> <span class='ocrx_word' id='word_1_283' title='bbox 949 4503 1198 4570; x_wconf 85' lang='lat' dir='ltr'>Foederatarum</span> <span class='ocrx_word' id='word_1_284' title='bbox 1216 4503 1348 4591; x_wconf 92' lang='lat' dir='ltr'>populo,</span> <span class='ocrx_word' id='word_1_285' title='bbox 1363 4527 1428 4592; x_wconf 83' lang='lat' dir='ltr'>pax</span> 
     </span>
     <span class='ocr_line' id='line_1_40' title="bbox 196 4606 835 4692; baseline -0.009 -14"><span class='ocrx_word' id='word_1_286' title='bbox 196 4611 387 4692; x_wconf 89' lang='lat' dir='ltr'>indeficiens,</span> <span class='ocrx_word' id='word_1_287' title='bbox 403 4607 636 4673; x_wconf 81' lang='lat' dir='ltr'>indissolubilis</span> <span class='ocrx_word' id='word_1_288' title='bbox 650 4606 835 4672; x_wconf 71' lang='lat' dir='ltr'>concordini</span> 
     </span>
    </p>
   </div>
   <div class='ocr_carea' id='block_1_5' title="bbox 0 0 1636 5332">
    <p class='ocr_par' dir='ltr' id='par_1_17' title="bbox 0 0 1636 5332">
     <span class='ocr_line' id='line_1_41' title="bbox 0 0 1636 5332; baseline 0 3"><span class='ocrx_word' id='word_1_289' title='bbox 0 0 1636 5332; x_wconf 95' lang='lat' dir='ltr'> </span> 
     </span>
    </p>
   </div>
  </div>
 </body>
</html>
