3278 5318
579 1036 923 1144 TITULUS
970 1036 1069 1140 IV.

621 1275 684 1382 De
721 1275 1033 1382 Sacramentis.

679 1671 896 1746 CAPUT
932 1671 969 1744 Ι.

418 1854 482 1929 Dn
508 1853 773 1927 Baemsnrnrn
800 1850 1233 1929 Nnc-Convsaseauu.

259 2022 343 2096 120.
373 2018 550 2116 Vestigia
566 2026 785 2118 prementes
804 2018 964 2093 Concilii
989 2018 1162 2094 Plenarii
1180 1998 1442 2099 antecedentis

212 2137 301 2237 (No.
344 2137 433 2235 240)
480 2134 733 2211 attentionem
778 2136 1021 2210 sacerdotum
1067 2159 1175 2210 sacre
1222 2135 1442 2212 ministerio

206 2251 513 2329 incumbentium
548 2254 675 2328 denuo
706 2251 911 2328 excitatam
936 2252 1118 2327 volumus
1147 2251 1248 2328 eirca
1277 2254 1442 2329 modum

205 2368 417 2469 recipiendi
434 2393 510 2461 ees,
528 2367 595 2466 qui
618 2367 746 2466 gratia
762 2367 897 2444 divina
914 2367 1011 2442 moti
1034 2393 1056 2443 e
1073 2367 1186 2443 sectis
1203 2367 1444 2466 quibuslibet

206 2486 318 2562 unico
344 2484 490 2560 Christi
520 2482 614 2558 ovili
645 2482 884 2583 incorporari
913 2486 1125 2582 postulant,
1195 2483 1307 2559 Nihil
1333 2484 1442 2562 enim

206 2626 284 2676 non
309 2602 524 2676 curandum
550 2606 610 2674 est
636 2605 681 2675 ut
705 2624 812 2674 sacre
838 2599 1053 2698 Baptismo‚
1075 2602 1171 2676 adeo
1197 2599 1441 2678 adsalutem

206 2715 430 2809 necessarie,
456 2715 490 2790 si
520 2715 602 2814 ejus
632 2716 852 2792 charactere
879 2718 1052 2791 nendum
1077 2716 1224 2793 fuerint
1247 2715 1440 2815 insigniti,

203 2832 417 2909 certissime
434 2831 673 2930 sigillentur;
698 2831 898 2907 sedetiam
913 2832 1084 2907 maxima
1099 2832 1287 2931 religione
1300 2857 1438 2909 caven·

205 2951 299 3025 dum
329 2973 378 3023 ne
407 2948 699 3023 Sacramentum
729 2947 836 3022 istud
864 2972 1023 3046 prorsus
1048 2947 1267 3024 initerabile
1292 2954 1441 3028 temere

203 3072 422 3142 renovetur.

254 3184 338 3259 121.
390 3182 607 3280 Tantepere
649 3181 794 3256 scilicet
835 3181 1034 3257 exhorruit
1072 3181 1246 3257 Ecclesia
1284 3207 1441 3282 semper

202 3323 373 3375 errorem
402 3297 728 3395 rebaptizantium
763 3303 885 3372 utne
919 3298 991 3372 sub
1024 3297 1245 3373 conditione
1279 3297 1439 3397 quidem

204 3414 452 3512 Baptismum
494 3412 628 3488 iterari
668 3412 882 3512 permittat,
921 3413 997 3488 nisi
1039 3415 1194 3513 quande
1237 3414 1438 3513 probabile

203 3529 365 3607 dubium
391 3531 502 3604 adest
530 3535 814 3604 sacramentum
845 3529 918 3604 hec
947 3538 1062 3605 antea
1086 3530 1149 3604 vel
1180 3530 1289 3604 nulle
1319 3532 1437 3607 mode

201 3645 265 3722 vel
290 3644 463 3720 invalide
488 3645 607 3720 fuisse
629 3653 862 3741 susceptum.
914 3645 1171 3744 Culpabiliter
1196 3654 1264 3721 aut
1289 3652 1437 3723 temere

137 3828 142 3837 .
202 3760 384 3862 dignitati
408 3759 638 3836 sacramenti
663 3760 780 3859 hujus
802 3760 858 3835 sie
880 3763 1109 3861 derogantes
1132 3761 1264 3861 gravis
1289 3762 1436 3861 peccati

201 3886 312 3953 reatu
331 3877 446 3976 juxta
462 3902 595 3951 omnes
613 3901 654 3951 se
671 3875 864 3951 irretiunt.

252 3995 336 4069 122.
364 3993 422 4068 Ut
438 4016 509 4066 sua
525 3989 644 4089 igitur
662 3991 866 4090 Baptisme
884 3994 1016 4069 debita
1032 4002 1208 4071 servetur
1225 3994 1434 4089 veneratio,

200 4117 316 4209 atque
338 4133 457 4208 quam
481 4107 706 4206 longissime
728 4107 831 4183 absit
850 4109 912 4184 vel
936 4110 1020 4185 sela
1042 4110 1271 4209 apparentia
1292 4109 1434 4210 repeti·

200 4225 317 4302 tionis
340 4225 424 4323 ejus
446 4222 684 4323 illegitimae,
702 4222 892 4322 praecipit
912 4225 1085 4301 Ecclesia
1107 4232 1152 4302 ut
1174 4226 1328 4325 quando
1346 4226 1435 4325 quis

200 4343 251 4417 ab
283 4365 413 4416 errore
451 4340 502 4415 ad
539 4340 656 4415 fidem
693 4339 957 4434 convertitur,'
976 4366 1132 4441 semper
1164 4341 1332 4440 diligens
1364 4342 1435 4418 fiat

199 4455 447 4555 investigatio
471 4480 566 4531 num
589 4462 704 4530 antea
726 4457 857 4530 forsan
880 4456 1100 4555 baptizatus
1116 4456 1243 4550 fuerit,
1262 4481 1434 4556 numque

200 4572 353 4648 validus
379 4571 496 4647 fuerit
522 4571 748 4669 Baptismus
775 4570 817 4645 in
847 4571 998 4649 haeresi
1022 4580 1234 4673 susceptus.
1295 4570 1435 4673 Neque

332 4691 373 4755 62
