3264 5332
434 507 488 553 ou
517 507 732 555 cotascro
760 508 1019 555 anisareaso
1049 507 1209 555 notras.
1375 495 1437 558 195

205 683 312 749 preces
325 661 479 746 obtulere,
494 672 532 729 ut
544 662 632 752 quod
646 663 791 730 nondum
809 687 830 731 a
849 663 995 752 Collegio
1013 665 1153 752 regionis
1171 686 1246 730 suae
1265 665 1437 732 constituto

204 776 368 852 peractum
392 766 507 849 fuerat,
528 768 717 834 auctoritate
743 791 882 856 curaque
906 769 1026 834 Nostra
1052 767 1216 855 fastigium
1241 768 1437 854 imponentes

204 870 301 956 operi,
316 871 545 958 perficeremus.
590 872 660 938 Nos
681 872 789 960 itaque
810 872 896 938 haud
915 871 1129 938 cunctandum
1151 872 1221 954 rati,
1236 873 1436 938 eorumdem-

203 996 265 1061 que
279 974 525 1044 Venerabilium
548 976 701 1042 Fratrum
721 977 945 1042 communibus
958 977 1044 1043 votis
1064 977 1285 1058 obsecundare,
1301 978 1436 1043 elerum-

203 1100 265 1165 que
291 1087 325 1144 et
352 1077 461 1145 fideles
491 1080 687 1146 amerimnae
721 1080 861 1168 regionis
892 1103 979 1146 novo
1010 1081 1072 1146 hoc
1102 1083 1221 1147 umoris
1253 1083 1436 1149 testimonio

202 1183 350 1271 prosequi
379 1184 549 1270 cupientes,
577 1183 739 1250 decretum
767 1208 787 1250 a
816 1193 990 1251 memorato
1017 1184 1114 1251 Sacro
1139 1185 1285 1252 Concilio
1313 1186 1435 1252 editum

202 1308 297 1374 super
324 1287 549 1353 constitutione
577 1288 715 1377 Collegii
748 1288 946 1356 Clericorum
979 1312 1040 1377 pro
1072 1288 1240 1355 foederatis
1268 1291 1436 1357 Americae

203 1388 466 1479 Septentrionalis
487 1392 632 1478 statibus,
653 1415 728 1458 crim
749 1393 897 1460 omuibus
918 1402 950 1460 et
972 1394 1108 1481 singulis
1130 1395 1165 1458 in
1189 1394 1247 1461 illo
1268 1395 1434 1478 contentis,

203 1494 403 1561 Auctoritate
416 1496 605 1583 Apostoliea
617 1506 726 1563 tenore
744 1497 958 1583 praesentium
972 1498 1208 1582 confirmamus,
1222 1499 1315 1586 eique
1329 1499 1434 1564 invio-

203 1596 309 1664 labilis
319 1600 523 1686 Apostolirae
533 1600 693 1667 firmitatis
707 1601 805 1666 robur
815 1601 992 1685 adiieimus,
1003 1625 1040 1667 ac
1054 1611 1212 1688 praeterea
1226 1603 1269 1668 ad
1282 1603 1434 1668 maiorem

203 1700 265 1768 Dei
285 1702 434 1790 gloriam,
448 1704 491 1770 ad
513 1704 741 1770 incrementum
760 1705 932 1771 catholicae
952 1705 1126 1792 religiouiS,
1141 1706 1183 1772 ad
1197 1706 1292 1771 decus
1311 1706 1434 1771 utilita-

203 1814 329 1893 temque
349 1830 483 1894 magnae
504 1807 714 1895 Reipublicae
734 1808 969 1874 foederatorum
984 1809 1152 1875 Amerieae
1172 1809 1434 1897 septentrionalis

202 1917 352 1994 statuum,
374 1911 484 1977 eadem
504 1914 691 1978 auctoritate
714 1922 823 1978 tenore
847 1913 1060 1999 praesentium
1086 1912 1172 1979 idem
1193 1914 1375 2002 Collegium
1397 1914 1433 1980 in

201 2011 260 2079 hae
272 2013 358 2080 alma
378 2015 469 2081 Urbe
487 2016 579 2081 iuxta
598 2016 764 2081 canonieus
778 2038 906 2081 normas
925 2016 1078 2104 erigimus
1098 2025 1131 2082 et
1151 2017 1383 2100 constituimus
1397 2039 1435 2082 ac

203 2118 329 2184 nomine
349 2128 382 2184 et
402 2119 500 2185 titulo
521 2119 692 2186 Pontificio
713 2121 908 2202 decoramus,
927 2119 1093 2206 eidemque
1112 2122 1221 2187 omnia
1242 2120 1322 2203 iura,
1342 2143 1433 2206 prae-

201 2221 371 2307 rogativae,
385 2223 556 2310 privilegia
577 2223 761 2289 huiusmodi
784 2223 1001 2309 Collegiorum
1023 2224 1154 2312 propria
1174 2223 1381 2290 attribuimus
1401 2232 1434 2289 et

201 2324 384 2413 elargimur,
398 2327 438 2392 ad
453 2328 537 2414 leges
551 2350 633 2414 quae
647 2327 732 2393 infra
745 2337 932 2414 sequuntur.

245 2429 276 2497 Ι.
305 2430 487 2497 Cardinalis
506 2431 595 2497 Sacri
614 2430 752 2498 Consilii
771 2431 956 2498 Christiano
969 2431 1093 2498 nomini
1113 2431 1319 2519 propagando
1334 2432 1433 2498 Prae-

201 2531 302 2600 fectus
322 2558 383 2623 pro
401 2545 544 2623 tempore
564 2536 710 2620 existens,
727 2536 811 2603 idem
833 2547 986 2624 perpetuo
1006 2537 1166 2602 Patronus
1188 2536 1326 2623 Collegii
1346 2546 1430 2603 esto:

202 2636 348 2727 idemque
373 2640 429 2705 ubi
454 2650 673 2727 opportunum
697 2640 759 2706 sibi
785 2641 891 2706 visum
917 2640 1025 2724 fuerit,
1047 2639 1224 2706 adiutorem
1248 2640 1311 2705 sibi
1337 2640 1373 2704 in
1395 2663 1432 2709 eo

202 2763 330 2809 munere
343 2743 483 2831 gerendo
496 2743 656 2832 deligendi
670 2754 703 2809 et
715 2744 940 2829 constituendi,
965 2745 1033 2810 iure
1047 2744 1184 2811 fruatur.

243 2845 294 2914 ΙΙ.
324 2846 574 2915 Administratio
598 2848 747 2914 universa
770 2848 909 2936 Collegii
933 2849 975 2914 ab
997 2842 1254 2935 Archiepisoopis
1278 2858 1312 2914 et
1335 2848 1432 2935 Epis·

200 2949 285 3037 copis
304 2950 554 3017 Foederatorum
575 2951 726 3018 Statuam
740 2953 908 3018 Americae
929 2952 1202 3039 Septentrionalis,
1217 2952 1271 3019 vel
1292 2975 1312 3018 a
1334 2953 1431 3018 Prae·

199 3053 323 3120 sulibus
336 3055 378 3121 ab
392 3056 469 3142 ipsis
482 3054 523 3120 ad
538 3054 573 3120 id
587 3056 730 3121 muneris
744 3056 887 3142 legitime
900 3055 1069 3143 deputatiS,
1085 3065 1222 3142 geratur.

243 3156 315 3224 III.
338 3159 578 3246 Archiepiscopi
592 3168 625 3225 et
639 3159 803 3247 Episcopi,
816 3160 944 3246 quibus,
961 3169 997 3224 ut
1010 3182 1116 3245 supra,
1126 3159 1264 3247 Collegii
1277 3158 1431 3225 adminis-

198 3261 294 3327 tratio
313 3263 494 3328 concredita
513 3273 571 3346 est,
585 3263 682 3329 iidem
694 3286 779 3333 ‚cum
801 3263 980 3329 moderator
993 3262 1148 3328 Alumnis
1162 3263 1298 3349 Collegii
1319 3286 1430 3350 regen-

199 3364 249 3430 dis
261 3366 497 3432 renunciandus
511 3367 620 3452 fuerit,
634 3377 699 3434 tres
711 3366 895 3450 sacerdotes,
910 3366 967 3454 qui
981 3366 1023 3432 ad
1040 3366 1102 3432 hoo
1114 3388 1232 3431 munus
1246 3366 1429 3432 obeundum

199 3468 304 3536 idonei
321 3470 384 3537 visi
402 3471 523 3537 fuerint
539 3472 635 3539 Sacro
652 3472 796 3539 Consilio
815 3470 909 3536 Fidei
926 3470 1159 3557 propagandae,
1174 3480 1364 3557 proponant,
1379 3470 1428 3536 uti

198 3596 238 3640 ex
253 3574 294 3640 iis
306 3574 459 3642 Summus
473 3577 627 3642 Pontifex
640 3574 753 3641 audito
768 3576 882 3642 Sacrae
895 3575 1159 3662 Congreguticnis
1175 3575 1308 3640 consilio
1320 3575 1429 3662 eligat,

198 3700 292 3766 quem
306 3679 445 3767 Collegii
458 3680 608 3767 regimini
623 3679 768 3745 Rectoris
780 3679 911 3744 nomine
924 3688 956 3744 et
970 3688 1121 3765 potestate
1134 3679 1304 3764 praeficiat.

242 3782 311 3850 IV.
333 3783 452 3848 Rector
472 3784 507 3848 in
529 3782 679 3849 omnibus
692 3806 774 3869 quae
789 3781 831 3848 ad
846 3782 983 3869 Collegii
1005 3783 1145 3869 regimen
1166 3784 1326 3869 pertinent
1340 3782 1427 3849 Emi.

200 3885 331 3952 Patroni
352 3909 390 3952 aa
408 3886 640 3973 Episcoporum
655 3886 792 3973 Collegii
806 3885 1116 3951 Administratorum
1136 3886 1317 3951 auctoritati
1338 3886 1429 3952 obse·

198 3990 325 4076 quatur,
339 3991 445 4077 eisque
465 4000 643 4056 accuratam
665 3990 711 4055 rei
734 3989 901 4055 familiaris
923 3989 1078 4055 rationem
1092 3998 1182 4055 sexto
1196 3989 1339 4077 quolibet
1353 3991 1428 4055 anni

198 4114 303 4158 mense
316 4093 437 4160 reddat.
1150 4170 1154 4176 ⁴

242 4196 289 4266 V.
319 4198 437 4263 Rector
459 4199 554 4283 idem,
576 4208 613 4264 ut
638 4221 769 4264 munere
793 4222 852 4264 suo
877 4196 1057 4284 expeditius
1082 4206 1115 4264 et
1140 4197 1253 4263 utilius
1277 4198 1429 4285 perfungi

198 4310 301 4387 queat,
323 4311 395 4367 tum
421 4302 455 4368 in
481 4303 522 4368 iis
545 4325 627 4389 quae
651 4303 883 4368 oeconomicam
907 4301 1045 4390 Collegii
1070 4303 1276 4383 curationem,
1298 4312 1368 4366 tum
1396 4301 1430 4364 in

199 4404 239 4469 iis
261 4428 344 4492 quae
368 4405 586 4471 Alumncrunr
613 4406 815 4493 disciplinam
840 4415 992 4492 spectant,
1016 4406 1205 4492 opportunis
1229 4403 1430 4469 adiutoribus

198 4509 532 4596 utatur-Propterea
551 4509 654 4596 ipsius
674 4510 745 4592 erit,
768 4509 863 4575 Eme.
886 4509 1028 4575 Patrono
1051 4508 1256 4595 approbante,
1278 4507 1430 4573 idoneum
1529 4581 1535 4590 Ι

198 4611 390 4678 sacerdotem
404 4613 559 4678 vicarium
574 4634 649 4678 suae
662 4613 827 4700 potestatis
849 4610 1028 4695 adsciscere,
1044 4634 1101 4678 nec
1116 4635 1179 4677 non
1194 4620 1370 4676 curatorem
1384 4611 1430 4677 rei

331 4727 374 4799 20
