3278 5318
204 487 270 552 278
702 501 946 549 serasera.

205 658 429 746 interpellatio,
443 667 502 725 aut
514 656 627 724 saltem
641 680 661 723 a
675 655 819 744 legitima
832 664 986 744 potestate
1000 655 1098 722 fuerit
1111 679 1207 744 super
1220 655 1330 722 eadem
1344 656 1445 723 iuter-

205 763 376 851 pellatione
389 762 616 848 dispensatum.
661 761 831 840 Quatenus
846 760 1024 825 eonstiterit
1037 759 1078 826 de
1091 760 1176 825 facta
1189 748 1445 847 interpellatione

205 874 261 932 aut
285 866 326 931 de
349 865 440 930 illius
464 864 707 951 dispensatione,
730 863 873 951 primum
899 863 1141 929 matrimonium
1165 864 1278 951 nequit
1302 864 1445 950 amplius

204 971 396 1035 constituere
413 968 583 1036 vinculum
603 967 777 1034 secundum
797 967 994 1032 connubium
1016 968 1146 1033 irritans
1157 994 1167 1050 ;
1187 978 1347 1055 quatenus
1367 990 1445 1034 vero

205 1096 308 1160 neque
328 1073 542 1159 interpellatio
563 1094 666 1159 neque
686 1071 827 1137 eiusdem
848 1070 1042 1158 dispensatio
1067 1072 1277 1159 praecesserit,
1300 1071 1444 1159 primum

205 1178 447 1241 matrimonium
475 1176 615 1243 obstabit
642 1175 773 1262 quidem
801 1175 950 1258 secundo,
979 1174 1036 1241 sed
1065 1174 1258 1241 Ordiuarius
1287 1173 1444 1240 iudicium

204 1280 395 1366 suspendere
417 1280 555 1364 debebit,
578 1290 611 1345 et
634 1302 742 1344 <astam
767 1302 841 1344 cum
866 1279 1016 1345 omuibus
1039 1281 1107 1345 suis
1129 1280 1378 1345 circumstantiis
1400 1278 1444 1345 ad

205 1383 238 1450 S.
261 1383 375 1449 Sedem
398 1384 570 1468 remittere,
588 1406 670 1471 quae
692 1382 756 1469 ipsi
778 1382 953 1449 Ordinatio
974 1383 1055 1470 quid
1077 1382 1258 1448 faciendum
1281 1383 1335 1466 sit,
1357 1383 1445 1448 iudi-

204 1488 298 1554 cabit.
343 1488 399 1553 Ad
418 1487 621 1574 probandum
635 1510 722 1571 vero,
737 1496 848 1552 utrum
867 1487 1082 1574 interpellatio
1096 1485 1149 1553 vel
1166 1487 1235 1552 eius
1248 1486 1445 1574 dispensatio

205 1591 423 1674 intercesserit,
437 1590 624 1656 consulendi
637 1600 732 1656 erunt
748 1589 824 1656 libri
838 1590 1126 1675 matrimoniorum,
1141 1590 1194 1657 vel
1208 1590 1305 1655 etiam
1320 1600 1445 1678 regesta

203 1696 319 1779 curiae,
333 1696 369 1759 in
390 1695 509 1781 quibus
529 1694 607 1760 haec
626 1704 770 1760 accurate
790 1703 885 1760 eruut
905 1717 1030 1780 semper
1048 1693 1246 1760 recensenda
1291 1693 1442 1774 Quodsi

204 1797 379 1864 secundum
392 1798 635 1863 matrimonium
648 1808 845 1864 contractum
859 1799 957 1863 fuerit
976 1799 1072 1864 etiam
1086 1798 1122 1863 in
1136 1798 1333 1882 infidelitate,
1349 1821 1444 1885 prae-

204 1901 394 1967 sumendum
415 1901 547 1989 quidem
567 1903 630 1968 erit
649 1901 748 1989 quod,
769 1913 941 1990 antequam
962 1925 1105 1989 persona,
1119 1901 1160 1967 de
1180 1924 1246 1989 qua
1265 1904 1385 1990 agitur,
1399 1902 1443 1969 ad

204 2005 399 2091 baptismum
420 2006 651 2089 admitteretur,
665 2016 791 2071 servata
812 2004 932 2071 fuerint
952 2006 1155 2094 omniaquae
1175 2028 1216 2071 ss.
1231 2028 1368 2071 oenones
1381 2029 1444 2092 pro

204 2107 256 2173 his
276 2108 401 2174 <esibus
423 2117 592 2191 statuunt3
620 2109 675 2174 sed
698 2109 726 2175 si
749 2109 905 2174 institutis
928 2110 1117 2195 opportunis
1139 2109 1445 2197 investigationibus

203 2212 311 2277 adhue
331 2211 469 2277 dubium
491 2213 602 2297 subsit,
624 2213 665 2277 ad
688 2213 720 2277 S.
744 2211 856 2277 Sedem
880 2213 941 2277 erit
961 2213 1199 2279 recurrendum.

491 2388 562 2453 Art.
587 2386 717 2452 tt-De
730 2387 939 2472 impediatetdo
953 2388 1153 2472 impotentiae.

247 2540 264 2618 ἓ
293 2543 347 2607 46.
384 2540 440 2606 Ad
470 2539 727 2628 impugnandum
758 2563 800 2605 ex
832 2540 936 2627 capite
964 2540 1169 2626 impotentiae
1196 2541 1441 2609 matrimonium

202 2642 405 2709 solummodo
421 2645 572 2729 coniuges
589 2644 816 2728 admittuntur,
830 2644 908 2730 quia
924 2642 1003 2729 ipsis
1021 2643 1224 2709 solummodo
1240 2644 1302 2710 hoc
1317 2643 1441 2711 factum

202 2746 366 2832 cognitum
376 2768 444 2811 esse
458 2756 571 2833 potest,
581 2756 614 2812 et
625 2746 687 2833 ipsi
696 2748 920 2812 tantummodo
929 2747 971 2812 de
980 2746 1041 2812 hae
1050 2769 1086 2812 re
1095 2746 1224 2813 solliciti
1233 2770 1301 2813 esse
1310 2748 1439 2817 debent

202 2848 253 2915 Ut
272 2858 379 2913 autem
401 2849 590 2936 impotentia
603 2851 846 2915 matrimonium
860 2860 1057 2915 contractum
1073 2850 1187 2935 irritet,
1201 2873 1326 2917 neeesse
1339 2862 1441 2919 estut

201 2951 244 3016 sit
263 2951 449 3017 antecedens
469 2963 566 3039 atque
587 2963 749 3040 perpetua,
763 2975 846 3041 quae
866 2953 985 3018 scilicet
1006 2952 1102 3019 licitis
1122 2953 1271 3019 remediis
1284 2954 1358 3020 tolli
1372 2978 1439 3023 non

200 3056 309 3141 possit.
367 3055 437 3122 Ista
466 3057 655 3142 impotentia
682 3057 712 3122 si
740 3057 840 3122 fuerit
866 3057 1022 3141 absoluta,
1050 3080 1107 3123 seu
1135 3057 1210 3123 talis
1237 3067 1275 3123 ut
1303 3058 1439 3127 omnino

201 3158 430 3246 impossibilem
464 3160 578 3226 reddat
612 3160 813 3247 coniugalem
848 3161 1006 3247 copulam,
1035 3161 1276 3227 matrimonium
1310 3162 1440 3230 dirimit

200 3284 333 3350 semper,
344 3273 377 3329 et
390 3287 465 3329 oum
479 3264 623 3352 qualibet
636 3287 771 3351 persona
783 3274 1001 3347 contractum
1016 3264 1044 3329 si
1058 3287 1136 3331 vero
1149 3264 1285 3331 relativa
1297 3274 1437 3351 tamtum,

200 3367 441 3432 matrimonium
462 3367 588 3433 dirimit
607 3366 810 3433 solummodo
831 3391 905 3433 cum
918 3368 975 3434 illa
989 3368 1030 3433 ad
1044 3391 1142 3455 quam
1163 3368 1352 3456 impotentia
1366 3370 1438 3457 ipsa

199 3469 343 3537 refertur.
388 3470 444 3536 Ita
468 3472 569 3559 igitur
593 3471 630 3537 in
653 3470 757 3537 causis
780 3471 877 3537 huius
901 3472 1026 3557 generis
1054 3471 1316 3560 investigationes
1339 3484 1438 3541 erunt

200 3572 393 3661 dirigendae,
408 3584 447 3641 ut
467 3574 597 3641 tandem
618 3574 808 3641 deveniatur
827 3574 871 3641 ad
890 3574 1116 3641 adstruendam
1131 3575 1185 3643 vel
1202 3576 1437 3643 excludendam

200 3686 349 3741 assertam
378 3677 601 3764 impotentiam
628 3679 864 3744 antecedentem
885 3687 918 3744 et
938 3686 1134 3765 perpetuam,
1156 3679 1225 3744 sive
1252 3679 1436 3747 absolutam

198 3779 268 3845 sive
290 3780 402 3844 saltem
425 3780 603 3849 relativam.

242 3882 344 3948 Hunc
372 3884 407 3948 in
436 3885 533 3951 finem
561 3909 638 3973 prae
666 3887 767 3952 oculis
803 3886 949 3952 habenda
978 3886 1040 3951 erit
1069 3886 1236 3952 instructio
1267 3910 1436 3974 supremae

200 3986 462 4074 Congregatiouis
485 3989 519 4055 S.
542 3988 661 4056 Officii.

242 4091 258 4169 ἓ
281 4094 334 4156 47.
364 4091 465 4171 Quod
486 4093 513 4157 si
535 4116 625 4159 casus
646 4103 799 4177 occurrat,
816 4095 867 4159 cui
890 4094 925 4159 in
947 4092 1154 4158 instructione
1179 4092 1239 4159 liae
1263 4096 1433 4180 prorisum

198 4216 263 4259 nou
296 4196 350 4277 sit,
379 4195 421 4260 ad
452 4196 532 4261 iuris
560 4196 739 4261 eommunis
772 4219 917 4262 normam
948 4204 1166 4284 pertractetur,
1195 4219 1233 4262 ae
1265 4196 1435 4265 decidatur

200 4308 332 4384 oportet.
