3278 5318
227 479 292 542 290
719 493 963 541 xrrsxorx.

268 669 335 716 xx.
365 649 402 715 Si
424 649 604 715 indicentur
624 658 727 733 testes,
742 650 799 737 qui
813 648 854 715 de
867 649 960 714 factis
974 647 1029 716 vel
1049 647 1294 715 circumstantiis
1308 647 1350 714 ad
1365 650 1464 717 meri-

224 760 296 818 tum
316 776 427 818 musae
446 753 654 819 substantiale
674 753 890 840 spectantibus
904 751 1123 838 interrogandi
1137 761 1251 834 essent,
1266 774 1325 817 nec
1338 755 1465 818 exami-

225 855 295 920 nari
317 857 450 942 possint,
464 854 519 921 vel
539 856 617 943 quia
638 880 705 921 nen
726 855 801 922 lieet
816 864 873 922 aut
892 852 982 920 decet
994 877 1048 920 eos
1061 855 1159 919 citare
1173 854 1208 919 in
1222 854 1391 939 iudicium,
1406 856 1461 921 vel

225 959 301 1046 quia
321 960 426 1045 rogati
447 960 556 1027 adesse
576 968 730 1043 recusent,
745 981 868 1025 necesse
891 967 940 1024 est
967 956 1002 1023 id
1032 958 1068 1022 in
1095 958 1174 1023 actis
1202 981 1463 1043 commemorare,

224 1085 397 1150 eorumque
411 1062 589 1129 deficientia
609 1063 779 1151 suppletur
798 1062 988 1128 testimoniis
1001 1061 1150 1144 alierum,
1164 1062 1222 1148 qui
1236 1059 1290 1127 vel
1305 1061 1346 1127 de
1359 1060 1464 1128 relato

225 1165 278 1233 vel
293 1166 386 1231 aliter
400 1190 467 1231 rem
483 1165 524 1232 de
537 1191 602 1254 qua
615 1167 789 1255 quaeritur,
803 1167 964 1232 noverint.

267 1288 348 1337 xxr.
379 1270 448 1338 Ubi
469 1269 505 1335 id
526 1293 621 1336 omne
634 1269 721 1357 quod
734 1270 777 1336 ad
790 1270 959 1336 veritatem
980 1270 1138 1335 factonrm
1158 1270 1415 1335 constituendam
1430 1280 1463 1336 et

224 1373 353 1459 culpam
373 1374 510 1439 accusati
538 1374 736 1460 probandam
764 1373 912 1460 pertinet,
934 1373 1118 1438 absolutum
1147 1372 1254 1455 fuerit,
1280 1373 1462 1460 imputatus

225 1477 426 1543 intimatione
440 1478 559 1563 scripta
572 1477 614 1542 ad
628 1500 761 1542 examen
776 1486 919 1544 vomtur.

267 1598 361 1646 xxn.
392 1582 436 1646 In
460 1582 670 1664 intimatione,
695 1581 758 1646 nisi
782 1579 953 1666 prudentia
975 1580 1089 1664 obstet,
1112 1581 1325 1646 accusationes
1350 1589 1463 1646 eontra

224 1706 314 1748 reum
329 1685 467 1770 perlatae
480 1706 538 1770 per
552 1693 719 1748 extensum
734 1684 925 1767 referuntur,
941 1692 978 1747 ut
999 1683 1040 1748 ad
1062 1684 1298 1770 responsionem
1320 1707 1354 1749 se
1368 1707 1463 1770 prae-

224 1809 335 1873 parare
349 1788 460 1873 possit.

267 1908 376 1957 xxrn.
407 1891 507 1970 Quod
521 1891 550 1956 si
564 1891 606 1957 ob
619 1891 853 1957 accusationum
868 1891 1054 1979 qualitatem
1066 1891 1118 1958 vel
1133 1890 1198 1957 alia
1211 1891 1252 1957 de
1265 1914 1359 1957 eausa
1372 1890 1462 1957 haud

223 1995 382 2082 expediat,
404 2003 442 2060 ut
463 1995 498 2059 in
520 1995 721 2060 intimatione
741 1995 973 2080 exprimantur,
994 1994 1031 2060 in
1052 1993 1112 2059 haa
1132 1995 1209 2060 satis
1230 1996 1291 2060 erit
1316 1995 1462 2079 innuere,

224 2099 330 2185 ipsam
343 2098 386 2164 ad
399 2121 533 2163 examen
547 2098 655 2163 vocari
670 2108 706 2162 ut
720 2097 754 2162 in
769 2120 872 2181 eausa,
887 2098 928 2163 de
941 2120 1006 2185 qua
1018 2106 1129 2164 eontra
1142 2120 1217 2163 eum
1230 2099 1268 2163 fit
1282 2097 1461 2184 inquisitio,

223 2226 289 2268 sese
303 2202 463 2268 defendet.

266 2325 373 2372 xxrv.
403 2307 440 2372 Si
460 2305 503 2371 ad
524 2329 656 2371 examen
678 2305 823 2372 accedere
836 2314 965 2390 recuset,
981 2306 1096 2372 iterum
1118 2307 1157 2372 fit
1177 2305 1349 2390 intimatio,
1363 2316 1463 2394 atque

223 2433 258 2474 111
278 2432 316 2475 ea
335 2432 512 2496 congruum
534 2418 660 2495 tempus
681 2411 930 2496 peremptorium
953 2411 1150 2497 praefinitur,
1170 2409 1255 2474 intra
1276 2409 1366 2496 quod
1386 2432 1462 2476 reue

222 2536 327 2578 eoram
349 2511 503 2578 tribunali
527 2535 561 2577 se
580 2512 690 2577 sistere
710 2513 831 2596 debeat,
853 2514 947 2599 eique
968 2513 1176 2599 significatur,
1198 2513 1227 2577 si
1249 2535 1315 2579 nen
1338 2522 1460 2599 pareat,

223 2627 438 2682 contumacem
459 2639 525 2681 esse
546 2615 773 2681 iudicandum:
794 2639 891 2702 quam
909 2615 1143 2681 intimationem
1164 2616 1192 2681 si
1214 2614 1301 2681 haud
1323 2616 1461 2703 probato

222 2718 366 2805 legitimo
391 2718 619 2805 impedimento
642 2719 904 2806 transgrediatur,
928 2725 965 2783 ut
989 2727 1162 2784 contumax
1187 2719 1228 2784 de
1252 2718 1336 2784 facto
1360 2718 1461 2785 habe·

222 2822 320 2889 bitur.

265 2944 357 2993 xxv.
388 2926 515 2995 Verum
531 2926 559 2991 si
573 2925 615 2991 ad
635 2949 768 2992 examen
791 2926 925 3010 atoedat,
939 2926 1108 2993 audiatur:
1130 2934 1161 2992 et
1181 2926 1238 2992 ubi
1260 2926 1462 2993 inductiones

222 3029 357 3094 alieuius
378 3029 498 3095 valoris
519 3029 676 3111 exhibeat,
699 3052 762 3113 eae,
783 3022 940 3117 quantum
962 3030 1030 3094 fieri
1055 3039 1168 3117 potest,
1190 3039 1333 3094 accurate
1352 3029 1462 3096 discu-

221 3132 354 3200 tiantur.

265 3255 374 3305 xxvr.
404 3236 490 3302 Dein
505 3235 715 3302 accedendum
730 3247 778 3303 est
791 3237 833 3302 ad
846 3238 1104 3302 contestationem
1119 3236 1228 3303 delicti
1242 3245 1274 3302 et
1287 3260 1461 3325 argumen-

222 3349 338 3424 torum,
350 3363 431 3428 quae
445 3349 600 3427 prostant,
611 3350 649 3405 ut
664 3340 835 3426 inquisitus
849 3347 882 3403 et
895 3338 1065 3426 culpabilis
1079 3339 1232 3405 habeatur
1245 3349 1277 3405 et
1291 3340 1325 3404 in
1340 3363 1461 3427 poenas

222 3445 387 3510 canonicas
402 3444 573 3508 incurrisse
585 3454 759 3508 censeatur.

265 3565 388 3614 xxvn.
433 3546 624 3633 Inquisitus,
639 3545 696 3611 ubi
710 3568 751 3610 ex
765 3546 817 3612 his
835 3546 971 3632 noverit,
986 3570 1068 3634 quae
1084 3547 1120 3611 in
1133 3547 1211 3612 actis
1224 3556 1335 3613 eontra
1350 3547 1459 3635 ipsum

223 3649 322 3715 relata
342 3658 429 3732 sunt,
443 3648 486 3714 ad
500 3672 537 3715 ea
550 3648 740 3735 respondere
752 3658 865 3736 potest,
880 3672 926 3733 ac,
941 3650 968 3714 si
983 3650 1074 3733 velit,
1089 3659 1197 3715 utetur
1211 3649 1280 3715 iure
1298 3649 1461 3718 defensio-

223 3754 272 3819 nis
286 3776 306 3818 a
320 3776 352 3819 se
366 3752 376 3816 i
379 3775 436 3839 pso
450 3752 485 3817 in
500 3753 626 3839 scriptis
639 3753 843 3840 peragendae.

266 3875 403 3923 xxvrn.
435 3856 544 3922 Potest
564 3856 671 3940 etiam,
685 3856 714 3922 si
735 3857 884 3943 postulet,
898 3857 1051 3942 obtinere,
1065 3866 1104 3922 ut
1121 3857 1277 3923 terminus
1290 3855 1331 3922 ad
1346 3856 1461 3924 defen·

221 3961 341 4027 sionem
361 3961 480 4046 scripto
498 3958 710 4025 exhibendam
731 3961 941 4047 praefigatur:
968 3962 1109 4027 maxime
1126 3960 1155 4027 ei
1174 3961 1217 4027 ob
1235 3983 1272 4026 ea
1293 3983 1376 4049 qnae
1395 3972 1459 4029 art.

221 4083 321 4130 xxm
345 4062 485 4128 indicata
508 4072 594 4146 sunt,
616 4064 855 4151 responsionem
881 4063 923 4129 ad
947 4064 1159 4131 accusationes
1183 4074 1293 4131 centra
1317 4086 1351 4129 se
1376 4062 1461 4132 latas

223 4191 334 4256 parare
348 4190 414 4234 non
428 4167 577 4254 potuerit

264 4290 373 4339 xxrx.
406 4271 566 4337 Absolute
585 4293 733 4357 praeessu
747 4271 891 4337 redactor
903 4280 1046 4338 actarum
1061 4272 1271 4338 summarium
1290 4272 1459 4361 praeeipu-

221 4398 314 4442 0rum
327 4383 599 4463 argumentomm,
614 4397 695 4461 quae
709 4397 750 4439 ex
765 4376 835 4461 ipso
848 4375 983 4459 elucent,
997 4376 1153 4440 conficiat.

264 4497 357 4546 xxx.
394 4480 472 4559 Qua
489 4477 543 4543 die
560 4501 654 4542 musa
674 4488 881 4564 proponetur,
896 4478 1053 4565 inquisite
1071 4479 1127 4543 fiet
1144 4477 1280 4543 facultas
1298 4477 1457 4546 defensio·

220 4604 295 4649 nem
315 4605 406 4649 suam
428 4605 485 4669 per
505 4581 606 4647 alium
628 4580 820 4647 sacerdotem
839 4603 898 4648 suo
917 4581 1047 4648 nomine
1067 4581 1103 4646 in
1124 4583 1251 4669 scriptis
1269 4581 1456 4649 exhibendi.
