3278 5318
585 514 641 562 nn
668 514 800 563 sacra
828 515 1071 563 arnssouuu.
1377 500 1441 565 285

180 652 183 657 Α
213 668 283 755 erit,
296 669 325 735 si
346 693 387 752 ex
409 670 449 735 iis
469 670 622 737 conflatae
643 670 763 737 fuerint
783 673 954 755 societates,
969 696 1051 760 quae
1064 697 1083 737 a
1097 672 1287 739 Beatissima
1299 672 1442 760 Virgine

211 772 316 840 aliove
329 774 456 839 coelesti
470 774 611 840 Patrono
627 798 745 840 nomen
765 777 968 862 sumpserint.
1014 777 1058 841 In
1072 776 1122 842 his
1136 777 1276 863 coetibus
1289 776 1393 842 veluti
1406 777 1441 842 in

211 875 385 962 palaestris,
400 876 427 941 si
449 878 633 963 praesertim
655 879 696 944 iis
716 879 940 966 praeficiantur
959 879 1134 946 sacerdotes
1148 880 1283 968 laicique
1296 879 1442 946 homines

210 978 365 1065 sapientia
391 988 425 1046 et
452 981 641 1047 dexteritate
668 991 872 1068 praestantes,
893 982 1106 1049 adolescentes
1133 985 1279 1048 animum
1314 993 1442 1050 sument

210 1082 385 1149 virtutibus
413 1083 563 1169 colendis,
588 1094 621 1151 et
648 1086 796 1172 religioni
823 1096 934 1173 aperto
962 1110 1026 1170 ore,
1051 1088 1240 1172 contemptis
1268 1087 1441 1172 impiomm

209 1185 421 1271 irrisionibus,
449 1188 655 1275 profitendae,
683 1189 844 1277 simulque
874 1199 1051 1256 assuescent
1079 1191 1207 1256 horrere
1234 1190 1394 1278 quidquid
1421 1213 1442 1257 a

208 1288 363 1356 catholica
376 1292 510 1357 veritate
522 1299 555 1357 et
567 1293 733 1358 sanctitate
746 1293 887 1359 alienum
901 1295 953 1360 sit.

254 1392 305 1460 7⁰.
335 1393 480 1460 Perutile
499 1395 596 1461 etiam
617 1406 675 1479 est,
693 1396 772 1462 hinc
786 1404 904 1484 patres,
919 1397 1010 1463 illinc
1030 1398 1278 1484 matresfamilias
1299 1398 1439 1465 fraterno

209 1494 333 1563 foedere
353 1500 545 1584 coniungere
557 1522 632 1564 eum
647 1500 682 1564 iu
696 1500 804 1584 finem,
818 1509 857 1565 ut
869 1501 995 1567 viribus
1008 1503 1109 1566 unitis
1129 1511 1272 1568 aeternae
1293 1503 1440 1590 pmpriac

208 1600 326 1667 sobolis
346 1602 442 1667 saluti
464 1611 627 1690 rectaeque
647 1603 843 1669 institutioni
864 1606 971 1691 aptius
991 1604 1126 1689 studere,
1142 1615 1174 1670 et
1195 1606 1351 1671 efficacius
1363 1613 1439 1672 oon-

207 1704 310 1771 sulere
319 1707 452 1792 possint.
499 1706 614 1771 Plures
624 1707 723 1772 buius
732 1707 857 1794 generis
867 1708 1111 1774 consociationes
1121 1708 1185 1774 huc
1199 1709 1278 1774 illuc
1292 1709 1440 1776 inductae

207 1817 293 1892 sunt,
314 1809 384 1874 sive
411 1809 452 1875 de
476 1809 558 1877 viris
581 1810 651 1875 sive
674 1809 716 1875 de
740 1810 870 1876 feminis
894 1821 1018 1897 agatur,
1040 1834 1123 1898 quae
1147 1812 1281 1880 Coclitis
1304 1813 1440 1879 alicuius

207 1912 325 1978 tutelae
346 1935 411 1978 sese
431 1914 667 1997 commiserunt,
682 1921 714 1978 et
735 1913 922 1980 laetissimos
942 1915 1108 2002 religionis
1124 1939 1162 1981 ac
1175 1917 1302 2003 pietatis
1317 1916 1439 1983 fructus

206 2014 316 2082 edunt.

251 2121 302 2188 80.
332 2120 385 2187 Dc
413 2121 580 2208 artficibaa
616 2131 722 2188 autem
750 2131 782 2189 et
810 2125 972 2210 operariis,
1002 2124 1085 2192 iuter
1120 2149 1200 2213 quos
1236 2126 1439 2213 potissimum

206 2220 347 2291 delectus
367 2224 479 2291 haberi
499 2226 579 2292 solet
600 2226 643 2291 ab
664 2227 714 2310 iis,
735 2227 853 2314 quibus
875 2227 928 2294 vel
951 2228 1021 2314 ipsa
1041 2229 1205 2316 religionis
1227 2238 1260 2295 et
1283 2230 1439 2295 societatis

206 2327 414 2394 fundamenta
434 2329 613 2395 convellere
629 2331 829 2416 propositum
843 2339 899 2413 est,
915 2341 1038 2417 ponant
1050 2332 1114 2397 sibi
1127 2342 1201 2397 ante
1215 2333 1324 2399 oculos
1336 2356 1440 2399 sacro-

206 2452 280 2496 rum
293 2430 466 2498 Antistites
478 2433 581 2519 prisea
595 2432 653 2498 illa
666 2432 801 2518 collegia
815 2433 952 2517 fabrum,
968 2434 1022 2500 vel
1041 2436 1200 2500 artificum
1218 2437 1440 2502 universitates

205 2543 263 2601 aut
276 2535 467 2626 sodalitates,
478 2558 561 2623 quaa
574 2535 694 2602 adscito
707 2536 770 2601 sibi
785 2537 910 2602 coelesti
922 2537 1063 2603 Patrono
1077 2540 1229 2603 anteactis
1242 2540 1439 2626 temporibus

205 2639 367 2727 praeclaro
386 2639 520 2705 fuerunt
539 2640 723 2711 civitatibus
745 2650 940 2724 ornamento,
956 2650 988 2706 et
1001 2642 1124 2708 artibus
1145 2643 1215 2707 sive
1235 2643 1438 2730 politioribus

205 2742 275 2809 sive
301 2742 531 2809 humilioribus
558 2742 762 2810 incremento.
807 2744 881 2810 Hos
909 2744 1053 2832 aliosque
1080 2756 1188 2812 coetus
1216 2770 1257 2813 ex
1280 2748 1321 2812 iis
1342 2748 1438 2813 ctiam

206 2845 390 2913 hominibus
411 2846 468 2933 qui
491 2855 685 2912 mercaturae
705 2849 841 2934 negotiis
855 2848 908 2914 vel
923 2848 1167 2915 humanioribus
1180 2850 1359 2937 disciplinis
1373 2874 1439 2917 sese

205 2947 405 3033 dediderunt,
419 2950 535 3016 iterum
559 2949 753 3032 excitabunt,
768 2951 803 3015 in
818 2974 899 3038 quos
912 2952 969 3038 qui
984 2953 1142 3018 coiverint
1155 2953 1321 3040 religionis
1334 2954 1438 3020 officia

205 3051 315 3119 sedulo
324 3051 540 3119 edooebuntur
549 3062 581 3119 ct
591 3053 737 3136 obibunt,
748 3063 781 3118 et
794 3076 859 3119 una
873 3053 970 3118 simul
981 3055 1015 3118 in
1026 3055 1177 3120 humanis
1191 3057 1437 3153 necessitatibus,

204 3178 284 3243 quas
304 3156 388 3222 ferre
408 3166 465 3223 aut
484 3157 626 3245 corporis
653 3156 820 3243 aegritudo
840 3166 898 3222 aut
919 3158 1043 3222 scnium
1067 3167 1125 3222 aut
1148 3170 1319 3245 paupertas
1345 3158 1437 3243 solet,

204 3269 317 3326 mutuo
338 3261 401 3327 sibi
422 3262 488 3327 sint
511 3260 644 3328 auxilio.
689 3259 758 3340 Qui
779 3259 832 3326 his
851 3259 993 3325 coetibus
1020 3270 1183 3347 praesunt,
1205 3261 1317 3327 scdulo
1343 3261 1437 3328 advi-

204 3363 362 3452 gilabunt,
383 3374 423 3431 ut
441 3365 518 3431 socii
539 3386 666 3428 morum
691 3363 858 3450 probitate,
881 3386 1014 3450 operum
1034 3363 1155 3429 affabre
1183 3363 1436 3451 effingendorum

204 3468 327 3556 peritia,
349 3468 496 3535 laborum
516 3466 720 3533 ferendorum
741 3466 903 3533 docilitate
923 3475 956 3531 et
976 3465 1161 3532 assiduitate
1181 3468 1323 3533 maxime
1349 3492 1437 3533 com-

204 3571 402 3655 mendentur,
417 3594 481 3658 quo
503 3571 639 3654 facilius,
660 3592 743 3657 quae
763 3569 805 3634 ad
826 3570 927 3635 vitam
949 3578 1027 3635 sunt
1047 3571 1229 3654 necessaria,
1243 3571 1304 3636 sibi
1326 3595 1437 3659 parare

203 3685 330 3762 queant.
375 3675 445 3741 Nec
472 3674 691 3739 detrectabunt
711 3671 810 3737 iidem
831 3672 1001 3738 Antistites
1023 3672 1208 3738 huiusmodi
1236 3675 1437 3742 societatibus

204 3777 389 3865 advigilare,
400 3778 483 3864 leges
498 3799 673 3863 proponere
685 3784 742 3841 aut
755 3775 940 3862 adprobare,
951 3777 1089 3864 gratiam
1102 3776 1244 3843 divitum
1258 3777 1434 3865 conciliare,

202 3881 377 3969 patrocinio
391 3903 449 3945 suo
463 3903 514 3945 eas
528 3878 687 3966 prosequi,
701 3901 762 3965 ope
776 3879 896 3946 iuvare.

247 3986 299 4051 9⁰.
321 3984 435 4071 Neque
448 3983 638 4070 peculiarem
652 4005 763 4048 eorum
777 4006 886 4050 curam
900 3985 1004 4072 fugiet
1023 3984 1181 4052 mirabilis
1195 3985 1253 4051 illa
1268 3993 1436 4074 precamct

202 4111 327 4176 speum
339 4088 474 4169 sociatas,
487 4109 569 4174 quae
589 4087 754 4152 nonnullis
775 4087 812 4152 in
833 4087 911 4154 locis
933 4097 1016 4171 nata,
1032 4090 1067 4153 in
1079 4088 1153 4154 aliis
1174 4090 1239 4154 iam
1259 4089 1435 4155 adolescere

201 4193 313 4279 eoepit.
357 4190 545 4258 Curandum
563 4212 689 4255 summo
708 4190 815 4256 studio
834 4201 890 4274 cst,
906 4191 992 4256 utin
1007 4191 1089 4257 hanc
1108 4192 1329 4258 adscribantur
1341 4203 1434 4279 quot·

201 4305 281 4384 quot
307 4304 391 4361 recte
418 4294 459 4360 de
486 4293 640 4380 religione
667 4294 819 4362 sentiunt.
875 4295 963 4361 Nam
991 4318 1065 4360 cum
1094 4296 1123 4361 ei
1153 4297 1353 4383 propositum
1381 4297 1433 4378 sit,

201 4398 341 4486 generali
361 4398 499 4486 quadam
521 4398 702 4463 animorum
723 4398 926 4463 consensione
951 4399 987 4462 in
1008 4400 1159 4464 universa
1179 4422 1244 4485 qua
1264 4398 1328 4465 late
1348 4409 1435 4486 patet

200 4502 356 4568 catholica
376 4502 527 4584 Ecclesia,
542 4500 706 4586 religionis
727 4523 764 4566 ac
784 4502 911 4588 pietatis
933 4524 1029 4587 opera
1049 4501 1157 4567 fovere
1178 4511 1210 4567 et
1230 4503 1433 4588 amplificare,

200 4604 392 4694 divinaeque
411 4603 624 4692 indignationi
642 4602 816 4690 placandae
834 4604 959 4669 assidue
977 4604 1115 4690 studere,
1132 4604 1225 4671 facile
1244 4604 1436 4693 intelligitur
