3278 5318
399 499 556 547 iussas
584 499 806 546 sonnunns
835 498 1002 556 assoon
1030 497 1247 546 snssrosn.
1392 481 1440 547 lxi

206 654 359 742 Oafferty,
381 655 429 724 V.
452 653 505 738 G,
527 655 721 721 subdiacono
743 654 860 721 Oarolo
880 653 919 721 P.
940 652 1105 720 Grannan.
1148 653 1342 720 Assistentcs
1364 677 1441 722 vero

205 757 354 847 Delegati
368 759 549 846 Apostolici
570 759 659 825 fuere
680 759 776 824 iidem
791 759 847 846 qui
863 758 916 824 die
936 757 1059 823 decima
1079 757 1173 823 tertia
1194 757 1291 845 hujus
1312 760 1440 827 mensis.

249 863 330 929 Post
350 862 569 950 Evangelium
591 863 711 928 Missae
731 871 904 946 cantatum,
920 861 1049 928 Illmus.
1069 870 1102 927 et
1122 861 1237 928 Rmus.
1261 862 1440 951 Episcopus

205 964 394 1049 Peoriensis,
411 967 572 1033 occasione
592 966 657 1032 diei
680 976 806 1054 arrepta
825 966 1007 1032 concionem
1030 964 1145 1030 habuit
1169 965 1211 1031 de
1235 967 1439 1054 obligatione,

204 1092 269 1157 qua
281 1072 368 1136 cives
381 1071 500 1136 horum
521 1070 671 1137 Statuum
687 1069 946 1153 Foederatorum,
961 1092 998 1134 ac
1012 1070 1198 1156 pracsertim
1212 1071 1297 1136 cives
1319 1071 1438 1137 Catho-

205 1172 270 1257 lici,
291 1182 441 1240 tenentur
460 1174 579 1261 gratias
600 1196 693 1260 agere
714 1174 786 1240 Deo
808 1173 851 1240 Ο.
877 1173 927 1239 Μ.
951 1196 1012 1260 pro
1027 1159 1195 1238 'beneficiis
1213 1197 1296 1260 quae
1315 1174 1439 1242 Divina

205 1275 415 1343 Providentia
435 1300 520 1343 anno
542 1278 650 1364 elapso
679 1286 746 1343 tam
767 1278 802 1343 in
832 1276 1078 1365 Rempublicam
1104 1299 1202 1364 quam
1230 1278 1265 1341 in
1293 1279 1439 1365 singulos

203 1381 289 1446 cives
303 1381 445 1448 diffudit.

247 1483 350 1550 Missa
368 1486 469 1568 linita,
485 1485 615 1552 Illmus.
630 1494 661 1551 et
681 1487 796 1552 Rmus.
811 1484 1079 1572 Archiepiscopus
1099 1484 1357 1550 Milwaukiensis
1374 1509 1438 1552 ser·

203 1610 332 1655 monem
353 1589 508 1655 Latinum
531 1588 571 1654 ad
594 1589 762 1676 synodales
783 1589 898 1655 habuit
918 1589 970 1653 Dc
990 1588 1152 1671 iaqumu
1171 1588 1371 1656 Sacerdotali.

247 1692 472 1759 Benedictione
486 1716 506 1758 a
520 1692 676 1780 Delegato
690 1693 878 1780 Apostolico
892 1692 966 1758 data
981 1713 1090 1757 omnes
1104 1701 1306 1759 recesserunt.

247 2107 448 2174 Solemnibus
464 2108 599 2175 Concilii
614 2108 830 2174 functionibus
840 2108 1005 2194 descriptis
1014 2108 1194 2194 jucundum
1208 2117 1256 2173 est
1269 2107 1436 2191 recordari,

203 2211 362 2278 Musimm
383 2235 513 2296 sacram,
533 2235 665 2278 suavem
686 2210 793 2280 divini
813 2212 918 2276 cultus
939 2212 1097 2295 comitem,
1121 2204 1205 2300 quae
1226 2213 1310 2276 inter
1334 2234 1438 2277 sacros

202 2315 340 2382 Concilii
368 2317 450 2381 ritus
478 2316 713 2399 decantabatur,
735 2337 811 2382 vere
838 2315 945 2399 fnisse,
974 2323 1014 2380 ut
1040 2316 1132 2383 Caer.
1163 2316 1249 2403 Epp.
1279 2314 1317 2404 (l.
1346 2333 1383 2400 1.,
1408 2338 1436 2382 c.

203 2419 259 2507 28)
288 2420 451 2507 praecipit,
473 2420 633 2505 devotam,
654 2420 838 2486 distinctam
862 2427 896 2484 et
919 2419 1166 2507 intelligibilem,
1191 2430 1287 2506 atque
1313 2417 1355 2485 ad
1370 2420 1437 2506 pie-

200 2531 300 2590 tatem
321 2524 492 2590 fovendam
513 2524 702 2590 ordinatam.
746 2523 846 2604 Quod
867 2524 954 2589 enim
975 2533 1087 2589 <antus
1108 2525 1293 2608 sessionum,
1309 2546 1436 2611 vesper-

200 2650 293 2693 arum
314 2637 409 2716 atque
430 2628 685 2694 benedictionum
704 2629 956 2715 vespertinarum
985 2636 1114 2713 spectat,
1133 2628 1157 2692 ii
1180 2627 1245 2693 fere
1266 2650 1375 2693 omnes
1395 2628 1437 2693 ab

201 2729 389 2797 officialibus
403 2732 541 2799 Consilii
555 2732 736 2798 (autoribus
750 2740 846 2820 atque
859 2740 986 2797 centnm
1002 2730 1102 2796 ferme
1118 2731 1280 2797 seminarii
1297 2731 1436 2798 alumnis

201 2835 447 2901 concinebantur
467 2835 526 2901 illo
547 2844 642 2901 cantu
659 2836 891 2923 antiquissimo,
906 2836 961 2923 qui
980 2858 1000 2901 a
1017 2835 1050 2901 S.
1066 2835 1222 2922 Gregorio
1240 2835 1434 2919 nominatur,

200 2961 277 3006 vere
286 2938 492 3005 ecclesiastico
502 2948 535 3005 et
545 2940 649 3005 omnis
659 2948 769 3004 centus
780 2939 977 3004 ecclesiastici
992 2939 1079 3006 fonte
1090 2938 1142 3028 (O.
1154 2938 1292 3028 Colca).
1317 2941 1436 3007 Modu-

202 3041 335 3109 lationss
355 3066 434 3111 vero
455 3043 594 3108 musicae
615 3044 700 3108 intra
721 3043 834 3107 missas
855 3042 1010 3108 solemnes
1031 3051 1065 3108 et
1085 3045 1281 3129 vespertinas
1297 3044 1435 3110 domini-

201 3169 310 3213 carum
332 3147 564 3213 benedictiones
577 3169 597 3212 a
610 3147 786 3233 conjunctis
802 3145 1003 3211 ecclesiarum
1024 3147 1212 3212 cathedralis
1227 3157 1259 3212 et
1272 3147 1306 3213 S.
1323 3148 1435 3214 Jacobi

201 3249 306 3317 choris
326 3249 592 3338 producebantur.
637 3250 817 3318 Concentus
837 3249 892 3314 isti
913 3250 1053 3337 figmati,
1074 3259 1142 3316 tam
1165 3273 1185 3316 a
1207 3251 1436 3317 vetustioribus

202 3351 422 3443 (Paaaemna,
437 3353 584 3439 Suriano,
598 3351 672 3442 etc.)
686 3377 782 3442 quam
796 3376 817 3419 a
830 3353 991 3419 modernis
1004 3352 1113 3442 (Witt,
1125 3353 1252 3437 Greith,
1266 3353 1339 3444 etc.)
1349 3378 1436 3421 com·

201 3458 308 3546 positi,
337 3460 406 3545 ejus
432 3459 558 3547 generis
585 3468 685 3542 erant,
708 3456 795 3545 quod
824 3456 904 3523 Pius
933 3456 1002 3522 IX.
1027 3457 1111 3522 hisce
1139 3457 1247 3525 verbis
1271 3457 1435 3526 laudavit:

203 3562 379 3627 “Multum
400 3562 443 3628 ad
464 3563 639 3630 movendos
658 3562 783 3628 animos
803 3569 900 3648 atque
920 3560 961 3626 ad
983 3562 1132 3648 pietatem
1153 3562 1336 3628 excitandos
1355 3564 1434 3628 sacri
1493 3593 1498 3606 ¹

202 3676 371 3732 concentus
405 3675 547 3754 pooeunt,
576 3664 772 3732 solemnibus
807 3664 968 3730 Ecclesiae
995 3664 1280 3752 supplicationibus
1314 3667 1434 3751 sociati,

203 3769 377 3841 dnmmodo
399 3770 445 3836 ita
464 3769 585 3835 firerint
604 3768 775 3856 excogitati
796 3768 925 3855 ingenio
941 3778 1036 3856 atque
1049 3768 1201 3835 elaborati
1217 3769 1383 3855 industria,
1398 3779 1436 3836 ut

203 3874 361 3939 sanctitati
375 3871 517 3940 Divinae
531 3872 656 3938 Domus
669 3874 855 3959 rituumque
868 3873 1023 3959 majestati
1037 3871 1278 3959 respondeant.''
1348 3943 1355 3956 ⁸
