3278 5318
584 525 640 572 na
667 525 800 574 sacra
828 527 1071 574 arassoxcu.
1379 511 1443 576 283

210 682 398 769 prospicere,
412 682 548 769 vestigia
568 693 720 770 sequutus
740 681 917 748 Salvatcris
939 685 1041 748 nostri
1061 682 1138 748 Iesu
1158 682 1290 767 Christi,
1305 683 1363 771 qui
1378 706 1442 748 ncn

210 785 301 851 venit
314 808 428 853 vocare
446 785 546 852 iustos
564 785 620 851 sed
638 796 814 874 pecatores
832 786 874 852 ad
892 787 1131 874 poenitentiam,
1146 795 1278 874 paterna
1292 810 1370 854 voce
1389 810 1442 853 ecs

209 911 328 972 omnes,
350 889 409 977 qui
438 888 636 956 Massouicae
656 890 792 977 aliisque
816 891 975 956 damnatis
999 891 1091 956 sectis
1116 913 1233 955 nomen
1256 890 1379 975 dedere,
1400 891 1442 956 ad

209 992 416 1080 detergendas
436 993 561 1059 animae
581 993 689 1059 sordes
711 1005 743 1059 et
766 992 808 1059 ad
831 994 962 1060 divinae
986 995 1219 1060 misericordiae
1239 994 1348 1060 sinum
1369 1018 1442 1081 per-

208 1106 352 1162 amanter
370 1097 499 1164 invitat.
545 1095 588 1161 In
608 1096 695 1162 huno
715 1098 812 1163 finem
833 1097 941 1163 eadem
962 1120 1040 1162 usus
1059 1098 1265 1184 benignitate,
1288 1120 1353 1185 qua
1374 1098 1441 1163 eius

208 1197 363 1266 Decessor
387 1200 456 1266 Leo
477 1200 579 1284 XII,
601 1201 643 1267 ad
668 1202 828 1289 integrum
850 1201 929 1266 anni
950 1202 1090 1288 spatium
1116 1209 1190 1288 post
1211 1203 1273 1266 rite
1293 1201 1441 1289 vulgatas

207 1323 305 1390 supra
317 1313 507 1370 memoratas
520 1304 721 1391 Apostoliras
734 1304 875 1370 Litteras
894 1306 929 1371 in
946 1327 1137 1392 unaquaque
1151 1305 1296 1388 dioecesi,
1310 1327 1441 1391 suspen-

207 1405 257 1474 dit
274 1416 347 1473 tum
366 1408 593 1495 obligationem
606 1407 819 1474 denuntiandi
838 1409 1010 1475 earundem
1024 1419 1180 1474 sectarum
1195 1408 1336 1473 occultos
1349 1431 1441 1495 cory-

207 1510 324 1599 phaeos
348 1519 381 1577 et
400 1512 506 1596 dacco,
527 1520 597 1577 tum
623 1513 720 1577 etiarn
744 1513 987 1578 reservationem
1012 1535 1226 1594 censurarum,
1248 1512 1440 1598 peculiarem

207 1614 388 1681 facultatem
411 1614 609 1681 concedendo
631 1615 781 1681 omnibus
805 1615 1004 1682 confessariis
1028 1616 1070 1681 ab
1091 1614 1274 1681 Ordinariis
1298 1615 1441 1681 locorum

206 1717 399 1806 adprobatis,
411 1729 449 1784 nt
462 1742 515 1785 eos
528 1719 585 1807 qui
600 1741 675 1787 vere
688 1720 880 1805 resipuerint
891 1728 926 1786 et
939 1729 1037 1785 sectas
1051 1720 1255 1803 deseruerint,
1271 1719 1313 1784 ab
1327 1719 1441 1784 iisdem

207 1824 347 1888 censuris
374 1823 548 1907 absolvere,
573 1834 606 1888 et
635 1822 794 1888 Ecclesiae
822 1824 1024 1889 reconciliare
1051 1824 1312 1890 valeant-Erit
1339 1824 1440 1911 igitur

206 1948 366 1993 sacrorum
388 1927 574 1993 Praesulum
597 1927 680 1992 hanc
699 1927 865 1992 Pontificis
885 1927 1024 1992 Maximi
1044 1926 1273 2014 benignitatem
1292 1926 1440 1992 fidelibus

206 2051 281 2096 suae
301 2031 377 2096 fidei
397 2031 585 2097 concreditis
606 2031 761 2097 nuntiare.
818 2031 973 2097 Facereut
992 2040 1100 2096 autem
1120 2053 1189 2095 rem
1210 2030 1362 2117 pastorali
1381 2052 1440 2095 sua

206 2133 373 2200 sedulitate
393 2135 536 2221 dignam,
555 2134 583 2199 si
605 2135 667 2200 hoc
687 2143 829 2200 vertente
849 2157 944 2217 anno,
964 2157 1060 2221 quem
1081 2133 1266 2198 clementiae
1286 2133 1439 2220 peculiari

192 2225 302 2304 'modo
319 2237 484 2304 addictum
503 2237 577 2305 vult
596 2237 761 2320 Pontifex,
774 2238 871 2302 sacris
892 2237 1179 2318 exercitationibus,
1196 2235 1384 2311 missionum
1403 2237 1438 2300 in

205 2362 336 2425 morem,
348 2365 424 2408 oves
437 2365 510 2408 suas
523 2341 565 2408 ad
578 2349 720 2407 aeternas
730 2341 878 2408 veritates
893 2338 1100 2423 malitandas,
1111 2348 1143 2404 et
1156 2340 1307 2425 spiritum
1317 2350 1438 2423 rectum

205 2442 425 2511 innovandum
439 2446 621 2512 excitarent.

249 2549 301 2616 20.
350 2548 445 2614 Mens
476 2572 573 2637 porro
600 2556 648 2614 est
675 2548 817 2614 eiusdem
849 2548 1033 2614 Sanctitatis
1061 2547 1153 2631 Suae,
1183 2557 1220 2612 ut
1249 2546 1438 2633 Eucyolicae

205 2652 346 2719 Litterae
360 2676 461 2744 ¹quam
479 2653 722 2740 diligentissime
743 2652 944 2739 evulgentur,
958 2674 1024 2738 quo
1038 2650 1165 2716 facilius
1184 2674 1294 2716 omncs
1312 2650 1437 2716 christi-

204 2755 312 2822 fideles
330 2755 523 2844 intelligant,
536 2779 634 2843 quam
648 2756 757 2821 dirum
776 2755 860 2820 inter
878 2778 931 2820 eos
945 2777 1108 2820 vencnum
1124 2764 1242 2840 serpat,
1258 2761 1438 2842 quantaque

203 2881 257 2925 ecs
275 2882 447 2947 eorumque
465 2860 589 2946 prolem
608 2861 762 2946 pernicies
782 2868 916 2943 maneat,
931 2858 995 2923 nisi
1013 2859 1200 2944 tempestive
1213 2857 1275 2922 sibi
1295 2867 1436 2924 caveant.

203 2962 289 3028 Tum
302 2963 523 3030 sollertissima
540 2973 573 3029 et
591 2963 825 3050 impensissima
843 2985 940 3050 opera
953 2962 1060 3028 danda
1073 2962 1144 3045 erit,
1159 2970 1197 3027 ut
1214 2961 1354 3027 remedia
1371 2969 1437 3027 tam

203 3090 285 3155 quae
297 3090 318 3134 a
332 3067 488 3133 Pontifice
500 3076 735 3154 proponuntur,
749 3090 848 3155 quam
861 3089 943 3155 quac
957 3067 1087 3153 propria
1100 3066 1254 3151 cuiusque
1267 3065 1436 3150 prudentia

202 3172 345 3255 suaserit,
356 3171 771 3238 adhibeantur—Primum
785 3172 931 3236 omnium
942 3171 1079 3235 excitare
1090 3170 1124 3234 in
1135 3170 1219 3235 hano
1232 3191 1300 3233 rem
1315 3176 1437 3254 oportet

203 3275 394 3341 industriam
408 3275 671 3362 sedulitatsmqne
681 3274 894 3362 parochorum
901 3300 911 3356 ;
924 3273 1040 3339 deinde
1049 3271 1250 3338 adsciscenda
1263 3269 1437 3358 generatim

76 3426 80 3432 ·
202 3401 313 3445 eorum
331 3402 429 3466 opera
446 3388 503 3462 est,
517 3379 635 3467 quibus
656 3401 676 3444 a
697 3378 854 3444 bonorum
873 3377 1020 3443 omnium
1041 3375 1192 3462 largitore
1211 3374 1284 3440 Deo
1303 3373 1436 3439 facultas

202 3482 329 3548 dicendi
342 3493 399 3549 aut
411 3483 570 3548 scribendi
589 3482 711 3547 tributa
724 3490 782 3564 est,
796 3481 850 3548 vel
865 3481 982 3568 quibus
996 3479 1104 3546 divini
1118 3478 1209 3544 verbi
1223 3477 1435 3544 annuntiandi

202 3587 255 3653 vel
269 3586 459 3652 christianae
472 3586 576 3674 plebis
590 3609 610 3651 a
623 3585 725 3672 culpis
740 3585 924 3672 expiandae,
939 3583 993 3650 vel
1008 3584 1103 3648 etiam
1119 3583 1295 3646 iuventutis
1309 3581 1436 3647 institu-

202 3690 301 3757 endae
313 3714 390 3756 cura
402 3689 592 3756 demandata
606 3688 713 3773 fucrit,
728 3699 764 3754 ut
780 3697 812 3755 et
827 3688 888 3775 ipsi
910 3688 1033 3753 labores
1047 3709 1122 3752 suos
1142 3685 1309 3750 conferant
1324 3684 1367 3749 ad
1381 3685 1435 3750 de-

201 3794 336 3884 tegenda
350 3795 549 3877 Massonum,
560 3793 759 3880 alienamque
769 3793 992 3859 damnatarum
1007 3790 1192 3856 societatum
1203 3789 1304 3876 impia
1318 3789 1433 3887 placita

201 3906 234 3964 et
254 3898 388 3965 infanda
407 3897 583 3980 molimina,
601 3905 633 3963 et
653 3896 695 3963 ad
713 3896 907 3962 reducendos
926 3896 961 3960 in
976 3895 1064 3960 viam
1084 3894 1197 3959 salutis
1217 3916 1280 3977 eos,
1295 3893 1352 3980 qui
1366 3893 1434 3959 sive

201 4011 318 4069 temere
338 4011 371 4069 et
388 4002 522 4086 incaute,
536 4002 606 4067 sive
626 4000 771 4066 consulto
787 4009 819 4065 et
835 4000 974 4086 cogitato
994 3999 1036 4064 ad
1057 4021 1110 4064 eas
1130 3999 1325 4080 accesserint,
1340 4007 1434 4084 atque

201 4105 243 4172 ad
262 4105 336 4172 illos
355 4105 614 4194 praemonendae
629 4105 685 4197 qui
706 4103 849 4170 nondum
869 4104 904 4167 in
923 4125 1032 4168 earum
1052 4101 1181 4189 laqueos
1201 4101 1390 4166 inciderunt.

245 4212 298 4278 3⁰.
328 4210 382 4276 Ne
391 4211 463 4298 quis
473 4233 551 4278 vero
561 4209 660 4274 errori
671 4209 759 4274 locus
769 4209 835 4291 fiat,
846 4230 920 4272 cum
934 4206 1177 4272 diiudicandum
1191 4206 1263 4287 erit,
1278 4227 1433 4291 quaenam

201 4338 242 4382 ex
271 4314 323 4381 his
350 4314 534 4403 perniciosis
561 4313 653 4379 sectis
680 4334 837 4395 censurae,
858 4334 941 4398 qnae
965 4332 1042 4376 vero
1070 4307 1280 4395 prohibitioni
1309 4315 1433 4371 tantum

202 4419 359 4485 obnoxiae
368 4419 443 4502 sint,
454 4426 575 4484 certum
590 4417 749 4503 imprimis
759 4424 816 4499 est,
827 4413 1154 4480 excommunicatione
1168 4410 1249 4476 latae
1263 4410 1434 4475 sententiae

202 4523 332 4587 multari
362 4521 575 4587 Massonicam
603 4520 745 4608 aliasque
764 4519 834 4584 eius
853 4517 979 4604 generis
1000 4524 1098 4581 sectas
1119 4537 1201 4601 qnae
1222 4537 1249 4579 c.
1274 4516 1303 4579 2.
1327 4536 1359 4578 na
1382 4531 1432 4579 1v.

202 4625 389 4692 Pontificiae
424 4624 670 4692 constitutionis
706 4621 900 4710 Apostoliccc
928 4620 1017 4686 Sedis
1045 4618 1263 4706 designantur,
1293 4639 1434 4704 quaeque
