3278 5318
569 485 802 533 snssronns
830 486 1073 537 sonnnnns.
1195 466 1197 470 ⁴

742 650 907 739 Castorem

481 822 563 890 Rev.
579 823 763 891 Gabrielem
777 825 900 910 Andre,
915 826 948 893 S
969 827 1003 892 S.

517 927 784 994 “Gulielmnm
800 929 841 995 Ε
856 929 1005 995 Bartlet't.

517 1033 538 1068 “
582 1031 762 1128 Josephum
776 1031 818 1097 0'
822 1032 943 1098 Keeffe.

517 1137 537 1171 “
582 1135 765 1201 Antonium
781 1135 939 1202 Lammel.

516 1241 537 1275 “
582 1238 702 1325 Joseph
719 1238 863 1325 Cassidy.

516 1345 538 1379 “
582 1342 741 1408 loannem
758 1342 797 1408 B.
813 1342 979 1411 Drennan.

517 1448 538 1482 “
582 1446 741 1511 loannem
758 1446 861 1513 Marr.

247 1647 364 1715 Postea
377 1648 579 1736 promulgata
600 1659 676 1714 sunt
695 1648 827 1714 Decreta
848 1650 886 1714 dc
907 1650 1108 1736 Pruq'udimb
1129 1674 1193 1717 ooo
1210 1651 1386 1739 Afferenda,
1401 1653 1439 1717 cle

204 1751 347 1817 Mellodo
364 1751 450 1816 Vuae
462 1752 499 1816 ia
517 1753 651 1823 Corte-ilio
664 1753 836 1837 Serourtda
847 1754 886 1817 de
898 1777 963 1818 noa
975 1754 1179 1838 Discodendo,
1191 1763 1228 1819 ut
1242 1755 1277 1820 in
1292 1755 1439 1822 Concilio

205 1855 355 1921 Plenario
370 1855 422 1922 II.
433 1864 569 1922 exstant.
615 1856 722 1922 Lectis
735 1857 832 1921 etiam
845 1857 979 1922 decretis
993 1857 1192 1923 Tridentinis
1206 1859 1245 1922 dc
1258 1858 1440 1924 Residettia

204 1959 300 2047 (sess.
315 1978 378 2042 vr,
393 1982 420 2025 c.
435 1978 460 2026 1.
476 1957 840 2043 deRcfi,Sess.xn111.‚
855 1982 882 2026 c.
897 1978 922 2026 1.
938 1960 979 2025 de
993 1958 1081 2049 Rei.)
1092 1961 1284 2027 Secretarius
1294 1960 1439 2048 promul-

202 2063 296 2149 gavit
308 2085 443 2148 sequens

538 2232 699 2330 Dwelrlm
720 2266 770 2330 Dc
792 2265 987 2365 Profeaaionc
1008 2267 1109 2333 mdo.

247 2419 360 2485 “Cum
374 2419 458 2485 inter
472 2442 581 2486 omnes
603 2419 770 2507 pastoralis
790 2418 886 2486 officii
903 2419 1134 2486 sollicitudines
1156 2420 1214 2487 illa
1236 2420 1438 2508 potissimum

203 2523 309 2610 prima
329 2545 397 2589 esse
416 2523 538 2607 debeat,
559 2533 598 2589 ut
619 2523 719 2589 Fides
744 2523 913 2590 Catholiea
934 2547 1034 2610 qnam
1058 2525 1262 2613 Sacrosancta
1287 2525 1438 2590 Romana

205 2625 346 2691 Ecclesia
354 2636 569 2713 tenetetquae
577 2625 769 2692 solidissimo
779 2627 892 2692 Petrae
900 2626 1111 2693 fundamento
1119 2627 1245 2711 nititur,
1255 2627 1440 2715 incorrupta

204 2729 239 2795 in
260 2729 389 2795 Nostris
409 2729 591 2796 Provinciis
611 2724 719 2817 vigeat
725 2739 765 2823 pt
778 2739 934 2817 augescat,
948 2730 1146 2795 decernimus
1160 2739 1193 2796 et
1206 2730 1387 2814 statuimus,
1400 2740 1438 2796 ut

202 2833 245 2899 ab
265 2832 411 2899 unanimi
431 2833 625 2921 professione
638 2834 780 2919 ejusdem
794 2832 880 2917 fidei,
894 2857 993 2922 quam
1006 2834 1120 2900 salutis
1133 2833 1292 2900 humanae
1306 2834 1438 2900 initium

203 2945 236 3002 et
262 2937 510 3003 fundamentum
539 2936 767 3024 praedicamus,
788 2938 963 3024 praesentis
990 2960 1119 3025 quoque
1146 2936 1271 3023 Synodi
1298 2937 1439 3011 actiones

203 3050 332 3107 sumant
341 3040 509 3107 exordium
520 3050 553 3106 et
566 3040 807 3109 incrementum.
851 3041 957 3108 Corde
967 3043 1054 3106 enim
1064 3040 1204 3106 crelitur
1215 3040 1256 3106 ad
1265 3041 1437 3127 justitiam,

204 3167 258 3211 ore
276 3155 385 3211 autem
404 3145 560 3211 confessio
581 3146 619 3210 fit
638 3143 681 3210 ad
702 3145 847 3213 salutem.
892 3144 1017 3210 Idcirco
1038 3155 1167 3232 patrum
1182 3145 1331 3231 exempla
1351 3154 1385 3210 et
1403 3145 1437 3213 S.

204 3248 341 3316 Concilii
352 3248 536 3315 'lbidentini
545 3247 779 3314 ordinationem
790 3248 843 3335 pie
852 3258 1039 3315 venerantes
1049 3249 1271 3335 praecipimus,
1286 3258 1318 3313 et
1333 3249 1438 3330 Reve-

203 3352 409 3418 rendissimos
436 3352 611 3418 confratres
639 3351 826 3438 Episcopus,
855 3372 978 3416 necnon
1014 3374 1124 3417 omnes
1152 3352 1188 3417 in
1217 3352 1278 3416 hao
1306 3351 1438 3438 Synodo

203 3464 409 3543 congregatos
433 3454 620 3540 invitamus,
642 3464 680 3520 ut
704 3454 930 3543 professionem
956 3454 1030 3519 fidei
1055 3455 1229 3520 secundum
1256 3455 1394 3520 formam
1417 3478 1438 3521 a

204 3559 266 3626 Pio
287 3559 377 3646 Papa
398 3559 468 3629 IV.
482 3561 704 3625 concinnatam
724 3559 882 3640 emittant,
895 3580 962 3623 una
983 3581 1057 3623 cum
1077 3558 1220 3624 clausula
1239 3558 1280 3623 de
1298 3558 1437 3623 Romani

204 3663 370 3729 Pontificis
382 3662 524 3750 primatu
538 3663 641 3749 deque
653 3665 723 3750 ejus
737 3661 904 3727 infallibili
919 3661 1100 3748 magisterio
1114 3660 1259 3726 addenda
1272 3662 1369 3747 juxta
1384 3661 1437 3725 Pii

204 3767 259 3833 fel.
275 3789 334 3833 rec.
350 3766 458 3853 Papae
471 3766 540 3831 IX.
557 3763 819 3852 praescriptum.'’

248 3870 383 3936 Decreto
397 3869 545 3956 perlecto,
558 3869 732 3956 Delegatus
742 3869 949 3955 Apostolicus
962 3869 1005 3935 ad
1019 3869 1127 3951 altare,
1139 3868 1255 3954 reliqui
1269 3867 1438 3954 synodales

204 3975 239 4041 in
261 3974 339 4040 locis
359 3975 427 4039 suis
444 3973 617 4062 genuflexi,
631 3983 813 4061 sequentem
829 3973 1053 4057 Profeasioaem
1068 3973 1158 4036 Fidei
1172 3971 1257 4036 clara
1271 3994 1349 4036 voce
1363 3994 1438 4057 pro-

203 4078 402 4146 clamabant:
960 4118 966 4128 ·

248 4182 352 4269 “Ego
376 4182 421 4248 N.
448 4182 541 4258 firma
565 4181 628 4247 fide
656 4179 750 4246 credo
775 4190 808 4246 et
832 4182 983 4267 profiteor
1008 4179 1115 4246 omnia
1140 4189 1172 4245 et
1197 4178 1334 4265 singula,
1357 4200 1439 4265 quae

205 4286 408 4352 continentur
420 4285 456 4350 in
470 4285 624 4372 Symbolo
639 4283 745 4366 Fidei,
759 4307 825 4371 quo
845 4284 961 4350 Sancta
983 4283 1130 4349 Romana
1152 4281 1295 4347 Ecclesia
1315 4283 1419 4345 utitur
1427 4306 1437 4364 ς

205 4389 372 4457 videlieetz
395 4389 501 4457 Credo
523 4388 559 4455 in
582 4410 685 4454 unum
711 4387 820 4453 Deum
846 4386 976 4452 Patrem
1001 4386 1263 4472 omnipotentem,
1286 4385 1437 4449 factorem

205 4493 284 4559 coeli
308 4503 342 4559 et
365 4502 478 4577 terrae,
503 4491 684 4560 visibilium
709 4490 856 4556 omnium
876 4500 909 4555 et
933 4490 1159 4557 invisibilium.
1205 4489 1251 4553 Et
1276 4488 1311 4553 in
1336 4509 1437 4551 unum

204 4596 382 4663 Dominum
404 4597 517 4663 Jesum
532 4595 699 4663 Christum
722 4593 846 4660 Filium
869 4593 932 4660 Dei
954 4594 1166 4682 unigenitum.
1211 4591 1257 4657 Et
1277 4613 1319 4656 ex
1340 4588 1438 4656 Patra
