3278 5318
468 510 523 558 nn
551 513 809 584 sarunruaa
840 515 1193 561 sccnssrnsch.
1384 501 1446 563 183

215 663 341 740 alieno
365 668 593 744 coemeterio
614 669 780 764 habent3
807 670 870 745 vel
894 669 1012 746 etiam
1039 673 1087 745 de
1113 669 1199 744 istis
1224 669 1444 766 Catholicis,

215 783 280 882 qui
305 783 453 883 pariter
477 793 569 861 ante
592 785 719 884 legem
744 784 866 862 latam
891 786 1096 885 proprium
1118 787 1285 862 fundum
1302 777 1444 863 habue-

213 908 316 994 runt,
334 900 397 976 vel
422 908 524 976 certe
549 901 633 977 sine
654 903 737 978 ulla
752 903 889 978 fraude
906 910 995 1001 post
1019 903 1145 1002 legem
1170 902 1443 1003 acquisierunt,
1494 985 1496 990 ,

213 1017 464 1111 declaramus,
499 1017 540 1093 in
575 1017 662 1093 istis
694 1019 847 1094 casibus
880 1018 996 1095 licere
1027 1019 1127 1095 ritus
1169 1020 1443 1096 ecclesiasticos

213 1133 400 1228 adhiberi,
417 1133 500 1210 sive
524 1134 631 1212 domi
656 1134 798 1210 sivein
815 1134 986 1229 ecelesia,
1003 1136 1318 1234 quotiescumque
1334 1136 1377 1212 id
1393 1136 1443 1211 ab

213 1249 416 1349 Episcop0,
433 1251 484 1326 ob
508 1277 648 1351 graves
672 1250 854 1345 rationes,
871 1250 1122 1327 interdictum
1144 1277 1221 1327 non
1239 1251 1377 1345 fuerit3
1403 1259 1443 1328 et

144 1416 145 1419 ,
211 1366 452 1443 declaramus
485 1366 657 1468 insuper,
681 1366 957 1444 correctionem
990 1369 1030 1443 S.
1064 1367 1205 1468 Oongr.
1239 1370 1290 1445 de
1319 1348 1440 1468 Prop.

212 1482 309 1558 Fide
349 1485 399 1560 de
441 1484 567 1560 loculo
618 1484 891 1578 benedicendo,
934 1492 974 1560 et
1015 1486 1237 1584 supradicto
1287 1486 1441 1562 decreto

210 1599 444 1698 adjunctam,
470 1600 512 1676 in
546 1600 632 1676 istis
665 1600 784 1677 etiam
825 1600 978 1676 casibus
1020 1626 1103 1678 esse
1144 1602 1438 1678 observandam.

211 1714 287 1790 His
310 1717 463 1793 casibus
487 1718 667 1817 exceptis,
686 1743 886 1817 nunquam
910 1718 1050 1798 rectori
1070 1717 1293 1794 animarum
1309 1716 1441 1794 licebit

210 1831 332 1907 dictos
364 1834 465 1909 ritus
498 1833 683 1910 adhibere
715 1833 757 1909 in
791 1833 993 1931 sepultura
1026 1835 1201 1911 fidelium
1234 1833 1277 1910 in
1311 1832 1440 1910 alieno

209 1949 450 2044 coemeterio,
465 1950 540 2026 nisi
557 1951 607 2027 de
622 1975 804 2048 expressa
821 1949 1017 2026 Ordinarii
1035 1950 1202 2027 licentia.

257 2066 344 2142 319.
389 2065 557 2142 Demum
599 2091 734 2141 omnes
768 2065 1015 2141 ecclesiarum
1058 2074 1224 2143 rectores
1265 2066 1440 2167 graviter

209 2205 422 2276 monemuS,
468 2182 565 2282 ipsis
613 2207 747 2259 veram
794 2181 1017 2258 incumbere
1064 2182 1341 2282 obligationem
1390 2183 1439 2257 de

208 2298 446 2398 coemeteriis
472 2298 682 2374 Catholicis
709 2298 785 2374 rite
812 2303 854 2373 et
881 2298 1062 2374 decenter
1086 2299 1362 2393 custodiendis,
1389 2322 1439 2374 ne

208 2438 257 2488 ex
270 2438 405 2490 eorum
426 2415 645 2491 conditione
667 2415 825 2491 sordida
848 2420 917 2489 aut
940 2415 1114 2512 neglecta
1136 2414 1270 2490 fideles
1286 2413 1438 2513 justam

207 2531 465 2628 conquerendi
490 2557 646 2607 eausam
671 2531 851 2625 habeant,
877 2534 918 2606 et
940 2553 1101 2607 suorum
1126 2554 1289 2630 corpora
1312 2527 1355 2605 in
1381 2527 1438 2606 eis

207 2645 402 2721 tumulare
427 2653 665 2723 aversentur.
