3278 5318
538 537 594 585 on
623 538 771 586 oausrs
799 539 1096 589 cnnnrcoaux.
1367 520 1430 584 289

200 693 235 760 in
249 690 353 760 officio
366 692 541 759 manebunt
562 717 662 781 usque
682 695 723 761 ad
745 696 926 782 proximam
941 696 1139 762 dioecesanae
1160 694 1275 780 synodi
1294 691 1431 759 celebra·

200 798 329 879 tionem,
353 796 389 861 in
413 821 478 885 qua
499 797 553 865 vel
579 798 808 864 confirmentur
829 799 882 865 vel
904 799 962 865 alii
987 822 1096 865 eorum
1123 799 1192 864 loco
1215 797 1429 884 designentur.

200 899 300 981 Quod
314 901 342 966 si
362 901 523 966 interdum
538 911 641 968 morte
653 911 711 967 aut
724 903 957 969 renuntiatione
971 904 1023 971 vel
1037 904 1101 970 alia
1114 925 1209 967 carisa
1221 902 1432 988 praescriptus

199 1004 455 1070 consiliariorum
468 1027 620 1070 numerus
641 1006 815 1089 minuatur,
830 1006 1009 1094 Episcopus
1025 1006 1137 1073 audito
1150 1005 1284 1072 consilio
1297 1013 1432 1070 caetero-

200 1130 275 1173 rum
287 1107 330 1173 ad
343 1108 597 1174 commissionem
611 1111 838 1196 pertinentium
852 1111 933 1176 alios
948 1111 1091 1177 sufficiet.
1137 1111 1239 1175 Porro
1252 1108 1432 1174 commissio

200 1208 277 1277 boec
295 1212 512 1278 consultorum
533 1213 737 1280 iureiurando
756 1213 907 1281 obstricta
926 1223 1052 1280 tenetur
1071 1213 1114 1279 ad
1135 1212 1276 1279 officium
1297 1211 1434 1277 fideliter

200 1313 452 1402 adimplendum,
473 1325 506 1382 et
526 1316 670 1403 praeside
691 1317 851 1404 Episcopo
872 1317 926 1385 vel
947 1318 1068 1385 vicario
1092 1317 1231 1404 generali
1252 1339 1321 1381 rem
1341 1338 1431 1380 suam

201 1428 282 1506 aget.
324 1419 476 1486 Defensio
489 1429 596 1487 autem
609 1421 656 1485 rei
671 1420 731 1485 erit
745 1421 780 1485 in
794 1421 919 1508 scriptis
933 1420 1113 1487 exhibenda
1126 1421 1168 1486 ad
1182 1442 1327 1485 normam
1342 1442 1432 1506 prae-
1507 1500 1511 1506 .

201 1523 298 1588 sentis
312 1522 548 1591 Instructionis.

244 1644 328 1693 xm.
357 1627 402 1693 In
416 1628 559 1715 qualibet
571 1627 670 1695 Curia
690 1627 860 1715 episcopali
879 1638 1065 1716 procurator
1081 1629 1196 1699 fiscalis
1214 1627 1432 1711 constituetur,

202 1737 240 1796 ut
253 1730 392 1797 iustitiae
405 1741 438 1797 et
451 1731 514 1819 legi
528 1733 670 1800 satisfiat.

245 1854 325 1903 xiv.
354 1835 420 1901 Pro
434 1836 689 1903 intimationibus
702 1838 756 1904 vol
773 1838 1052 1922 notificationibus,
1067 1838 1095 1903 si
1109 1837 1304 1925 apparitores
1318 1836 1435 1905 Curiae

95 1966 110 1989 ·
201 1936 315 2023 desint,
330 1948 440 2005 utatur
451 1940 628 2027 Episcopus
642 1964 777 2027 persona
789 1942 898 2028 aliqua
911 1942 1103 2030 qualificata,
1114 1964 1195 2031 quae
1208 1964 1261 2007 eos
1274 1941 1433 2023 exhibeat,

200 2065 238 2109 ao
257 2044 299 2108 do
318 2043 380 2109 hoc
400 2044 507 2130 ipsum
527 2045 693 2110 certiorem
707 2046 838 2111 reddat:
860 2044 914 2112 vel
936 2046 1032 2110 etiam
1052 2067 1073 2112 a
1092 2045 1191 2111 Curia
1211 2067 1270 2131 per
1290 2043 1434 2131 publicos

202 2146 383 2212 tabellarios
402 2144 639 2214 commendatae
652 2147 783 2236 (quibus
804 2148 882 2215 locis
902 2149 964 2215 hoc
984 2157 1122 2235 systema
1134 2147 1255 2236 vigeat)
1270 2147 1434 2213 transmit·

200 2258 320 2335 tantur,
334 2251 494 2339 exquisita
506 2252 570 2317 fide
582 2252 791 2319 exhibitionis
803 2263 900 2340 atque
912 2253 1102 2339 acceptionis
1115 2251 1169 2318 vel
1182 2251 1319 2339 repudii.
1349 2250 1434 2316 Inti-

201 2355 355 2420 mationos
369 2365 401 2421 et
415 2356 643 2422 notificationes
655 2379 780 2444 semper
793 2356 829 2422 in
843 2357 970 2444 scriptis
983 2356 1127 2422 absolute
1140 2357 1229 2422 fiant.

244 2476 308 2526 xv.
334 2458 454 2524 Delicti
468 2460 710 2525 fundamentum
726 2461 796 2526 erui
809 2468 913 2548 potest
926 2483 967 2526 ex
981 2460 1052 2546 ipsa
1064 2461 1262 2546 expositione
1274 2458 1386 2525 habita
1398 2457 1433 2523 in

201 2584 357 2649 processu,
372 2586 454 2651 quae
470 2564 662 2629 authenticis
681 2563 961 2629 informationibus
975 2562 1029 2631 vel
1043 2563 1239 2628 confessione
1256 2563 1433 2629 extraiudi-

200 2666 284 2751 ciali,
299 2667 352 2735 vel
371 2669 500 2733 testium
513 2666 765 2753 depositionibus
782 2667 1006 2733 confirmetur:
1028 2668 1235 2752 transgressio
1250 2690 1326 2732 vero
1342 2689 1433 2753 prae·
1521 2682 1530 2694 ·

200 2770 283 2856 cepti
296 2794 338 2837 ex
352 2770 422 2858 ipso
434 2770 558 2836 decreto
572 2779 605 2835 et
618 2780 691 2836 actu
705 2770 916 2836 intimationis
935 2770 977 2836 ad
991 2792 1138 2836 normam
1152 2779 1212 2836 art.
1226 2788 1292 2837 vu.
1307 2777 1339 2835 et
1352 2787 1432 2838 Vm.

201 2873 301 2940 factae
314 2875 492 2942 deducitur.

242 2996 324 3046 xva
353 2977 409 3043 Ad
422 2977 652 3045 admittendam
666 3002 744 3047 vero
757 2980 804 3045 rei
825 2978 1076 3067 culpabilitatem
1097 2979 1270 3045 neoessaria
1290 2987 1337 3044 ost
1358 3001 1433 3066 pro·

200 3081 286 3148 butio
308 3082 429 3170 legalis,
444 3106 526 3170 quae
545 3083 587 3147 iis
606 3085 777 3149 momentis
798 3094 941 3150 constare
960 3083 1064 3167 debet,
1078 3084 1197 3169 quibus
1218 3084 1337 3149 veritas
1357 3105 1432 3149 vere

199 3185 415 3253 demonstrata
434 3187 596 3270 elucescat,
617 3186 671 3254 vel
692 3186 805 3252 saltem
826 3187 957 3253 moralis
977 3185 1136 3252 convictio
1160 3184 1331 3251 inducatur
1351 3208 1432 3273 quo·

199 3310 336 3377 cumque
348 3290 534 3355 rationabili
547 3290 648 3356 dubio
661 3289 800 3376 oppositi
814 3300 946 3355 remoto.

243 3412 337 3461 xvn.
367 3392 525 3459 Personae
548 3415 629 3481 quae
650 3392 791 3459 examini
811 3393 1022 3460 subiiciendae
1042 3403 1128 3477 sunt,
1148 3393 1318 3480 separatim
1339 3393 1432 3459 audi·

200 3508 308 3564 untur.

243 3590 352 3670 xvm.
381 3602 490 3668 Testes
517 3602 559 3669 ad
589 3602 817 3691 probationem,
846 3603 916 3668 sive
943 3601 985 3668 ad
1013 3601 1238 3686 defensionem,
1260 3602 1288 3668 si
1317 3601 1432 3689 legalia

200 3705 427 3792 impedimenta
447 3706 482 3771 id
504 3729 568 3772 non
592 3707 791 3793 prohibeant,
812 3706 986 3772 audiantur
1009 3707 1160 3793 praestito
1184 3707 1363 3771 iuramento
1390 3705 1432 3772 de

200 3812 333 3877 veritate
346 3809 490 3894 dicenda,
502 3820 534 3876 et
547 3811 576 3875 si
589 3833 640 3875 ros
653 3811 803 3897 postulet,
814 3811 911 3875 etiam
925 3809 965 3875 de
978 3820 1095 3875 secroto
1105 3808 1271 3876 servando.
1316 3809 1432 3896 Itaque

200 3922 370 4001 antequam
389 3915 606 3997 testificentur,
621 3937 696 3978 oum
715 3913 757 3979 de
777 3914 911 3982 veritate
931 3922 1002 3979 tum
1023 3913 1065 3979 de
1085 3923 1203 3979 secreto
1220 3914 1336 3979 iurent.
1381 3913 1432 3980 Eo

200 4019 303 4105 magis
323 4017 365 4083 de
385 4015 489 4084 officio
509 4016 647 4083 fideliter
665 4017 871 4103 adimplendo
891 4025 924 4082 et
944 4016 985 4082 de
1005 4027 1133 4100 secreto,
1155 4039 1215 4103 pro
1239 4016 1286 4082 rei
1307 4016 1348 4082 de
1368 4039 1433 4104 qua

200 4122 307 4207 agitur
331 4121 501 4209 exigentia,
523 4121 680 4188 servando
701 4142 811 4186 omnes
831 4120 1010 4186 iuramento
1031 4121 1173 4186 obstricti
1202 4121 1270 4185 sint
1297 4129 1432 4207 oportet,

200 4225 257 4313 qui
272 4225 307 4290 in
322 4226 529 4291 instructione
542 4247 705 4312 processus
719 4248 760 4289 ex
773 4246 832 4289 suo
846 4246 977 4290 munere
990 4233 1114 4311 partem
1128 4224 1270 4311 aliquam
1284 4223 1431 4290 habeant.

244 4348 324 4396 xix.
354 4330 464 4395 Testes
473 4330 531 4416 qui
542 4330 576 4394 in
589 4328 666 4395 locis
681 4328 776 4416 longe
788 4327 909 4393 dissitis
919 4327 972 4395 vel
988 4328 1023 4392 in
1036 4327 1141 4393 aliena
1153 4327 1288 4393 dioecesi
1301 4327 1433 4413 degunt,

201 4434 360 4500 mediante
380 4435 566 4498 auctoritate
586 4432 794 4498 ecclesiastica
814 4431 878 4497 loci
899 4431 935 4497 in
955 4454 1022 4518 quo
1042 4439 1184 4514 manent,
1201 4430 1434 4514 examinentur,

202 4538 237 4603 in
258 4560 355 4625 quem
377 4537 474 4602 finem
494 4537 653 4623 specimen
673 4535 831 4601 factorum
845 4535 1099 4601 transmittetur:
1120 4556 1201 4620 quae
1215 4532 1346 4621 quidem
1359 4556 1435 4597 auo-

201 4641 313 4707 toritas
323 4639 359 4705 in
369 4640 572 4728 responsione
582 4661 709 4705 normas
719 4638 755 4704 in
765 4638 827 4704 hac
837 4637 1053 4704 Instructione
1065 4645 1229 4703 contentas
1243 4635 1435 4703 observabit.
