3278 5318
584 487 808 534 SESSIONES
837 488 1074 552 sommus.

557 721 676 787 Sassro
698 723 845 802 Quum
866 741 910 786 arr
929 722 1090 788 Uarrus.

250 911 315 978 Die
338 912 475 1000 septima
494 911 703 999 DeoembriS„
716 912 887 979 Dominiea
907 933 946 980 11.
969 913 1152 997 Adventus,
1173 920 1206 978 et
1233 912 1338 1001 pridie
1364 912 1438 980 festi

206 1013 436 1081 Immaeuaae
449 1015 673 1102 oonoepoona
687 1016 975 1100 ammaus
989 1025 1036 1082 aa
1049 1017 1165 1083 numa
1178 1018 1274 1083 sessio
1288 1017 1438 1083 solemnis
1537 995 1541 1027 ⁴

206 1118 345 1185 Concilii
360 1118 462 1184 Tertii
476 1118 619 1184 Plenarii
632 1118 882 1186 Baltimorensis.
927 1119 1082 1206 Hospites
1098 1120 1271 1186 adfuerunt
1289 1119 1392 1187 Illmi.
1406 1128 1438 1186 et

206 1220 294 1288 Rmi.
309 1221 553 1309 Archiepisoopi
567 1223 828 1289 Torontoniensis
842 1233 874 1289 et
889 1223 1133 1306 Halifaxiensis,
1146 1223 1299 1310 Episoopi
1312 1223 1437 1311 Kings-

205 1325 368 1410 toniensis,
389 1324 655 1409 Humiltonensis‚
681 1333 713 1391 et
742 1325 961 1410 Eudooiensis,
987 1326 1169 1392 Auxiliaris
1194 1327 1437 1415 Archiepisoopi

205 1427 475 1497 Toroutouiensis.
568 1486 570 1512 Ι
632 1418 635 1423 ’

249 1531 384 1599 Missam
405 1532 579 1600 solemnem
602 1533 643 1599 de
663 1533 868 1601 sanctissima
887 1534 1045 1600 Trinitate
1066 1534 1239 1601 oelebravit
1260 1535 1390 1601 Illmus.
1405 1543 1436 1601 et

205 1634 320 1705 Rmus.
348 1636 618 1723 Archiepisoopus
654 1637 823 1720 Petrensia,
854 1637 1028 1723 Coadjutor
1063 1637 1305 1724 Arehiepiseopi
1349 1638 1435 1704 Neo-

205 1738 422 1808 Eboraoensis.
467 1741 587 1807 Missae
600 1741 814 1806 inservierunt
827 1739 991 1827 presbyter
1004 1740 1151 1806 assistens
1166 1741 1280 1807 Rmns.
1295 1740 1436 1807 Thomas

205 1841 351 1928 Preston,
364 1843 413 1914 V.
433 1843 487 1928 G„
506 1844 660 1909 diaeonus
681 1842 764 1911 Rev.
784 1844 833 1910 H.
854 1843 895 1910 L.
918 1843 1096 1927 Robinson,
1118 1843 1331 1909 subdiaoonus
1351 1843 1434 1912 Rev.

204 1946 252 2013 Η.
267 1948 310 2015 Α.
326 1947 447 2015 Brann.
492 1946 647 2034 Delegato
666 1947 854 2034 Apostolioo
872 1947 1060 2013 assistebant
1078 1946 1175 2012 iidem
1194 1948 1253 2034 qui
1274 1947 1309 2012 in
1331 1947 1437 2034 prima
1575 2021 1580 2027 ,

203 2051 339 2117 sessione
351 2052 495 2119 solemni.

247 2155 333 2221 Cum
369 2155 498 2222 Illmus.
528 2165 561 2223 et
596 2144 709 2222 Rmus.
740 2155 1007 2243 Arohiepisoopus
1036 2155 1231 2240 Cabasensis,
1261 2155 1436 2241 Ooadjutor

203 2257 444 2347 Amhiepisoopi
472 2259 507 2326 S.
530 2259 561 2325 F
561 2260 704 2342 ranoisoi‚
725 2258 925 2346 aegritudine
948 2257 1143 2324 detineretur
1170 2259 1343 2345 quominus
1370 2281 1435 2323 ser-

178 2366 180 2369 ’
203 2385 329 2428 monem
343 2362 385 2428 ad
404 2363 562 2450 populum
580 2362 720 2446 haberet,
736 2363 864 2429 Illmus.
880 2372 912 2428 et
931 2361 1046 2428 Rmns.
1063 2362 1242 2449 Episoopus
1257 2361 1435 2428 Peoriensis

203 2465 238 2532 in
252 2469 321 2553 ejus
334 2466 440 2533 looum
455 2467 604 2532 suffectus
617 2466 736 2554 estqui
750 2467 801 2531 De
814 2466 907 2552 hujus
925 2467 1055 2532 Caecilii
1073 2465 1171 2552 Opere
1184 2466 1342 2533 disseruit.

247 2570 373 2637 Deinde
393 2570 541 2636 inchoata
561 2580 609 2636 est
629 2571 724 2637 sessio
744 2569 916 2656 synodalis.
969 2569 1067 2634 Lecta
1087 2577 1164 2635 sunt
1184 2569 1309 2635 decreta
1329 2570 1434 2635 Tituli

202 2693 280 2758 Ἧι,
295 2675 346 2739 De
359 2674 514 2740 Dootriuo
529 2675 723 2758 Obristimm,
738 2673 843 2740 Tituli
854 2693 946 2757 Vm„
960 2673 1012 2738 De
1028 2674 1097 2738 Zelo
1116 2672 1316 2757 Animorum,
1330 2674 1434 2738 Tituli

202 2797 267 2863 1x.,
277 2778 328 2844 De
342 2778 443 2844 Boaia
456 2779 610 2843 Εοοὶεείαι
624 2778 861 2865 Temporulibua,
876 2777 980 2843 Tituli
994 2797 1043 2860 x.,
1056 2778 1106 2842 De
1119 2777 1256 2842 Judioiia
1265 2777 1439 2842 Eodeaiaa'

202 2884 279 2968 dora,
293 2883 399 2948 Tituli
412 2902 479 2967 xa,
492 2882 544 2947 De
556 2880 724 2968 Sepultura
736 2881 962 2965 Eoelsiedma
977 2891 1009 2947 et
1023 2881 1154 2946 Titulus
1169 2881 1312 2948 ultimus.

245 2986 389 3053 Decretis
401 3009 497 3074 super
510 2986 611 3052 altare
623 2986 737 3073 positis
758 2985 870 3051 Patres
887 2985 1025 3052 Concilii
1041 2984 1109 3051 bini
1124 2994 1156 3050 et
1169 2985 1238 3051 bini
1253 2986 1331 3051 hino
1344 2985 1435 3051 illino

200 3090 379 3158 aooedentas
393 3091 539 3156 lubenter
557 3090 819 3176 subscripserunt.
864 3089 908 3154 In
921 3090 1065 3155 veritatis
1085 3090 1317 3154 attestationem
1338 3089 1434 3154 docu-

202 3202 344 3261 mentum
374 3195 505 3260 demum
526 3193 755 3280 subsignamnt
776 3193 915 3259 Concilii
944 3191 1195 3275 Protonotarius,
1217 3191 1382 3257 Secretarii
1403 3201 1434 3258 et

202 3297 402 3365 Canoellarii.

245 3401 344 3467 Laeto
356 3400 472 3467 deinde
492 3401 620 3466 Deoreto
634 3401 673 3465 de
685 3401 809 3486 Synodo
824 3400 1042 3482 concludendo,
1058 3399 1220 3464 Diaoonus
1242 3399 1433 3486 responden-

200 3504 289 3570 tibus
302 3503 519 3590 Synodalibns
532 3505 674 3569 enatavit
683 3514 865 3591 sequentes:

694 3778 949 3843 desumimus.

248 3970 373 4037 Ouum
402 3968 626 4037 Sanctissimae
646 3978 677 4033 et
702 3967 900 4035 Individuae
929 3968 1094 4052 Trinitati,
1116 3979 1242 4034 aeterna
1270 3968 1373 4057 gloria
1401 3979 1433 4036 et

200 4075 377 4162 gratiarum
390 4075 484 4140 aetio

249 4178 382 4244 Obruta.
411 4176 560 4244 Charitas
589 4177 695 4258 Pater,
718 4174 831 4241 Gratia
861 4175 978 4258 Filius,
1008 4176 1263 4241 Communioatio
1293 4176 1433 4262 Spiritus

201 4281 346 4364 Sanetus,
360 4281 393 4345 Ο
408 4281 507 4346 Beata
520 4280 673 4346 Trinitas

250 4384 338 4451 dau.
368 4384 573 4449 Beatissimae
594 4383 728 4466 Mariae,
750 4383 791 4447 ob
813 4384 958 4469 praevisa
981 4383 1060 4448 Filii
1082 4383 1132 4447 sui
1154 4383 1267 4449 merita
1280 4384 1321 4448 ab
1335 4384 1432 4469 origi-

202 4487 269 4554 nali
298 4488 368 4554 labe
396 4496 623 4575 praeservatae,
646 4486 760 4551 harum
788 4486 1037 4551 Foederatarum
1060 4487 1307 4552 Provinciarum
1331 4486 1433 4550 almae

201 4592 368 4676 Patronus,
383 4590 454 4657 laus
474 4601 507 4656 et
519 4592 692 4658 veneratio.
