3278 5318
355 522 411 570 Mt
438 522 860 573 DISPENSATIONIBUS
889 525 1321 573 MATRIMONIALIBUS.
1389 511 1452 573 249

224 677 364 745 velante
380 680 617 746 conversionem
638 682 680 748 ab
701 681 821 747 haeresi
836 681 943 751 valide
964 683 1191 765 contraxerint,
1206 682 1454 748 benedictionem

225 785 326 869 ipsam
345 782 386 849 ad
405 785 505 849 ritum
523 794 555 850 et
573 786 815 869 solemnitatem,
831 809 895 851 non
910 810 987 853 vero
1006 785 1048 851 ad
1065 786 1276 851 substantiam
1290 795 1322 851 et
1336 785 1454 853 validi-

224 895 322 953 tatem
335 887 492 973 pertinere
504 889 655 975 conjugii.

268 989 443 1056 Contrariis
460 992 713 1079 quibuscumque
728 1017 793 1059 non
808 994 1017 1061 obstantibus.

665 1147 699 1218 ἦ(
714 1146 780 1213 Fu.
795 1147 1025 1215 Vruesurrus
1046 1148 1123 1212 Lno
1145 1147 1294 1212 Sarnus

766 1250 912 1336 Aratriep.
933 1251 1183 1315 Clmlocdounrsis

546 1352 579 1419 S.
595 1354 681 1419 Ita
703 1354 739 1419 U.
756 1354 970 1440 Inquisiticuis
988 1353 1221 1419 Commissurum
1241 1352 1409 1420 Generalis.

197 1478 199 1482 ὗ
226 1503 429 1570 Iuvnuams
451 1505 597 1571 Pnnaur

355 1609 388 1675 S.
404 1609 489 1676 lea
511 1609 547 1676 U.
563 1611 776 1696 Inquisitiouis
798 1611 959 1678 Ilbturius.

227 1910 467 1986 Iusruucrm
495 1913 533 1987 S.
561 1912 917 1988 Coueenearrours
948 1936 1001 1988 ns
1032 1914 1156 1990 Puor.
1184 1914 1289 1988 Fron
1319 1915 1456 1991 Surus

425 2025 821 2105 Drsrnusarroursus
847 2029 1258 2104 Maruruouranmus.

671 2195 746 2281 [Ad
752 2219 790 2282 p.
807 2200 859 2278 68,
874 2219 906 2262 n.
924 2197 1015 2283 134.]

270 2347 355 2414 Cum
375 2347 568 2434 dispensatio
588 2349 631 2414 sit
652 2349 733 2414 iuris
753 2351 930 2415 communis
952 2349 1106 2414 relaxatio
1125 2372 1198 2414 eum
1219 2372 1328 2415 musae
1348 2348 1458 2436 cogni-

226 2449 322 2535 tione,
342 2452 385 2518 ab
408 2473 446 2517 eo
471 2450 563 2535 sacta,
583 2451 641 2539 qui
666 2452 761 2518 habet
785 2462 983 2539 potestatem,
1005 2452 1207 2538 exploratum
1233 2453 1382 2518 omnibus
1410 2461 1458 2517 est

227 2554 475 2641 dispensationes
492 2554 534 2620 ab
552 2553 787 2641 impedimentis
806 2556 1095 2621 matrimonialibus
1117 2579 1182 2621 non
1203 2578 1269 2621 esse
1287 2556 1458 2643 indulgen-

227 2656 293 2742 das,
315 2658 378 2723 nisi
407 2657 550 2746 legitima
577 2667 610 2724 et
637 2660 747 2745 gravis
776 2683 869 2725 musa
897 2660 1099 2726 interveniat.
1149 2660 1240 2740 Quin
1270 2661 1336 2725 imo
1365 2659 1459 2724 facile

228 2762 362 2850 quisque
375 2761 537 2850 intelligit,
551 2771 641 2827 tanto
654 2764 834 2850 graviorem
849 2786 973 2828 eausam
989 2764 1119 2850 requiri,
1130 2774 1250 2851 quanto
1265 2764 1398 2851 gravius
1412 2774 1460 2829 est

227 2865 500 2951 impedimentum,
522 2865 609 2952 quod
631 2866 755 2952 nuptiis
775 2866 971 2932 celebrandis
992 2868 1176 2953 opponitur.
1221 2867 1350 2936 Verum
1371 2866 1458 2932 haud

227 2990 299 3033 raro
311 2967 353 3034 ad
367 2968 400 3034 S.
416 2967 530 3033 Sedem
543 2970 736 3055 perveniunt
757 2969 914 3056 supplices
936 2969 1046 3035 literae
1063 2993 1123 3056 pro
1138 2970 1338 3058 impetranda
1351 2970 1460 3056 aliqua

228 3070 412 3137 huiusmodi
440 3071 682 3158 dispensatione,
712 3096 794 3161 quae
822 3073 913 3139 nulla
942 3075 1091 3138 canoniea
1120 3075 1242 3140 ratione
1271 3073 1457 3139 fulciuntur.

227 3175 356 3240 Accidit
390 3174 486 3240 etiam
514 3176 716 3264 quandoque,
745 3186 782 3242 ut
814 3177 849 3241 in
883 3176 1066 3243 huiusmodi
1100 3178 1390 3263 supplicationibus
1422 3199 1459 3241 ea

226 3277 425 3362 omittantur,
440 3302 521 3366 quae
542 3280 713 3346 necessario
734 3280 872 3366 exprimi
891 3280 1016 3363 debent,
1033 3304 1073 3346 nc
1087 3280 1280 3366 dispensatio
1300 3280 1459 3345 nullitatis

226 3380 307 3448 vitio
328 3380 459 3449 laboret.
504 3382 629 3449 Idcirco
650 3394 867 3470 opportunum
881 3386 989 3451 visum
1011 3392 1059 3449 cst
1081 3384 1115 3448 in
1137 3384 1294 3470 praesenti
1315 3383 1459 3449 Instrue-

226 3486 312 3552 tione
325 3487 435 3573 paucis
452 3487 663 3575 perstringere
682 3489 866 3574 praecipuas
881 3488 953 3553 illas
967 3511 1085 3571 causas,
1100 3511 1182 3575 quae
1200 3486 1241 3553 ad
1262 3487 1460 3553 matrimoni-

227 3589 292 3656 ales
304 3590 553 3677 dispensationes
574 3591 761 3657 obtinendas
781 3591 874 3656 iuxta
892 3592 1057 3657 canonicas
1075 3591 1251 3657 sanctiones
1270 3600 1302 3656 et
1320 3589 1460 3677 prudens

227 3694 449 3761 ecclesiasticae
462 3695 656 3781 provisionis
676 3695 856 3778 arbitrium,
871 3718 931 3782 pro
944 3694 1175 3760 sufficientibus
1197 3696 1308 3760 haberi
1330 3717 1461 3760 consue·

227 3806 364 3880 verunt;
396 3796 511 3863 deinde
539 3821 576 3863 ea
604 3796 753 3883 indicare,
783 3821 864 3886 quae
898 3799 934 3863 in
969 3799 1039 3884 ipsa
1063 3798 1297 3885 dispensatione
1325 3797 1462 3885 petenda

227 3901 405 3988 exprimam
429 3910 564 3987 oportet.

270 4004 381 4093 Atque
416 4014 453 4070 ut
487 4027 508 4070 a
542 4005 644 4071 causis
676 4005 949 4093 dispensationum
978 4005 1146 4071 exordium
1175 4006 1319 4088 dueatur,
1348 4028 1462 4092 operae

211 4107 366 4195 pretium
402 4108 463 4173 erit
498 4109 658 4195 imprimis
694 4108 954 4192 animadvertere,
991 4133 1088 4175 unam
1125 4109 1299 4197 aliquando
1335 4131 1461 4173 caustum

228 4212 358 4277 seorsim
386 4221 546 4298 acceptam
570 4210 812 4277 insufficientem
837 4235 912 4297 esse,
934 4211 990 4277 sal
1018 4213 1111 4279 alteri
1136 4212 1319 4277 adiunctam
1344 4210 1461 4276 suffiei-

228 4323 333 4380 entem
347 4315 541 4398 existimari;
562 4337 638 4381 nam
652 4338 734 4404 qnae
748 4338 814 4381 non
833 4325 969 4403 prosunt
982 4315 1120 4403 singula,
1135 4315 1238 4380 multa
1252 4315 1376 4397 iuvant,
1390 4337 1459 4398 ary.

228 4418 249 4484 l.
264 4420 295 4485 b.
315 4417 351 4485 Ο.
365 4419 404 4483 dc
417 4419 542 4506 probat.
588 4419 787 4485 Huiusmodi
806 4430 914 4485 autem
936 4442 1047 4485 musac
1067 4426 1145 4484 sunt
1162 4441 1245 4505 quac
1264 4427 1460 4504 sequuntur:

272 4525 303 4590 1.
333 4521 491 4605 Aafflmia
511 4523 570 4587 loci
590 4524 660 4589 sive
678 4523 825 4589 absoluta
845 4524 915 4588 sive
934 4522 1070 4587 relativa
1082 4520 1219 4609 (ratione
1237 4529 1364 4585 tantum
1378 4519 1461 4586 Ora·

229 4624 339 4713 tricis),
361 4649 435 4691 cum
463 4627 583 4692 seilicet
611 4626 646 4691 in
676 4627 745 4692 loeo
770 4627 914 4714 originis,
937 4625 990 4692 vel
1016 4625 1112 4690 etiam
1136 4623 1291 4689 domicilii
1316 4624 1462 4709 coguatio
1558 4614 1562 4621 ’
