3278 5318
274 744 803 844 CONGREGATIONES
841 741 1348 840 PRAELIMINARES.

605 999 636 1066 I.
666 999 1018 1064 Mnrnoronrmnuu.

238 1138 335 1203 Feria
348 1136 407 1222 V,
424 1137 478 1203 die
501 1141 521 1204 6
543 1135 749 1202 Novembris
794 1134 887 1200 Hora
907 1136 1021 1222 quinta
1042 1134 1290 1222 postmeridiana
1310 1156 1425 1199 eonve-

194 1249 311 1305 nerunt
324 1263 434 1306 omnes
449 1240 675 1327 Metropolitae
688 1238 723 1303 in
738 1239 869 1304 aedibus
879 1237 1199 1324 archiepiscopalibus
1213 1245 1245 1301 et
1258 1236 1426 1301 familiari·

194 1354 243 1408 ter
257 1344 341 1408 inter
354 1366 388 1408 se
401 1344 536 1409 consilia
555 1342 760 1407 contulerunt
773 1341 813 1407 de
826 1341 977 1407 omnibus
991 1362 1072 1427 quae
1090 1338 1131 1405 ad
1149 1339 1288 1406 Concilii
1302 1339 1425 1404 exitum

194 1447 320 1512 felicem
334 1447 591 1533 promovendum
605 1445 779 1510 conducere
792 1453 928 1532 possent.

412 1619 464 1687 ΙΙ.
494 1622 859 1685 Ancnrsrrscoronmr
882 1638 926 1683 nr
948 1619 1209 1685 Errscoronuu.
1313 1647 1315 1650 ⁴

239 1759 335 1824 Feria
352 1757 433 1843 VI,
453 1757 507 1824 die
532 1759 551 1824 7
574 1757 778 1824 Novembris.
835 1756 928 1823 Hora
950 1757 1156 1843 sesqui-nona
1177 1756 1427 1823 antemeridiana

194 1870 412 1928 convenerunt
424 1861 668 1948 Archiepiscopi
688 1869 722 1926 et
743 1860 896 1947 Episcopi
916 1861 952 1926 in
974 1860 1049 1926 aula
1068 1859 1231 1926 seminarii
1251 1859 1286 1927 S.
1302 1860 1427 1928 Mariae

195 1965 242 2053 (S.
256 1964 404 2054 Sulpitii)
419 1974 464 2032 ut
483 1972 589 2030 totum
611 1963 749 2031 Concilii
770 1966 935 2051 negotium
955 1986 993 2029 aa
1013 1963 1159 2029 ordinem
1179 1962 1360 2031 definirent

247 2068 421 2155 Delegatus
448 2067 666 2154 Apostolious,
694 2068 826 2134 recitata
856 2068 1000 2134 oratione
1027 2067 1196 2151 Adamana,
1225 2066 1355 2134 brevem
1383 2066 1437 2134 ad.

196 2172 306 2237 Patres
327 2171 553 2238 allocutionem
574 2170 689 2237 habuit
707 2194 773 2258 qua
796 2194 851 2238 eos
872 2170 953 2237 laete
974 2170 1100 2258 excepit
1121 2179 1154 2236 et
1176 2172 1322 2236 omnium
1343 2194 1427 2260 quae

194 2275 357 2362 hucusque
377 2275 462 2341 facta
482 2275 624 2360 fuerunt,
639 2276 796 2341 rationem
816 2275 988 2362 exposuit:
1009 2275 1118 2341 omnia
1136 2274 1255 2341 scilicet
1267 2285 1426 2363 quantum

194 2379 229 2445 in
243 2388 397 2467 potestate
406 2402 466 2444 sua
475 2379 617 2466 positum
629 2387 707 2462 erat,
717 2390 905 2466 praeparata
917 2402 983 2444 esse
997 2399 1056 2465 pro
1070 2377 1216 2445 Concilio
1225 2378 1424 2463 celebrando,

194 2506 259 2549 non
280 2504 317 2548 eo
337 2482 449 2569 utique
463 2483 527 2548 fine
547 2489 586 2547 ut
606 2483 738 2569 propria
757 2505 817 2548 sua
836 2505 928 2548 sensa
948 2481 1101 2548 Patribus
1118 2481 1305 2569 imponeret,
1318 2483 1375 2549 sed
1387 2492 1426 2548 ut

193 2586 322 2674 ipsimet
342 2607 381 2652 eo
404 2585 585 2673 promptius
606 2585 783 2672 meliusque
803 2585 942 2652 Concilii
967 2585 1095 2672 negotia
1115 2585 1265 2673 expedire
1285 2596 1423 2674 possent.

194 2688 311 2777 Itaque
330 2689 489 2776 expeditis
511 2688 630 2754 Literis
651 2687 845 2755 Indictionis
864 2688 964 2756 simul
984 2712 1058 2756 cum
1079 2689 1314 2777 exemplaribus
1335 2689 1426 2756 Lite-

192 2815 302 2858 rarum
326 2791 587 2880 Apostolicorum
612 2792 784 2878 impressis,
807 2815 843 2858 se
870 2793 1055 2859 universam
1082 2792 1258 2860 Srhematis
1283 2793 1424 2860 Romani

192 2897 368 2979 materiam,
381 2918 463 2984 quae
477 2894 600 2962 Romae
620 2896 657 2961 in
677 2906 840 2962 conventu
853 2897 1176 2984 Archiepiseoporum
1189 2920 1296 2962 coram
1311 2898 1425 2964 Cardi-

192 2999 258 3066 nali
280 2998 447 3065 Praefecto
466 2998 501 3066 S.
521 2998 786 3087 Congregationis
806 3000 848 3065 de
869 2999 909 3067 P.
928 3000 969 3067 F.
987 3022 1072 3066 anno
1093 3002 1264 3087 praeterito
1284 3000 1425 3068 discussa

192 3103 306 3188 fuerat,
330 3103 416 3169 inter
443 3101 669 3189 Metropolitas
697 3103 906 3189 distribuisse,
929 3113 968 3170 ut
995 3102 1037 3169 de
1064 3114 1154 3191 parte
1177 3104 1240 3170 sibi
1263 3105 1425 3192 assignata

192 3207 412 3303 unusquisque
431 3230 506 3273 cum
527 3205 735 3294 suffraganeis
750 3208 935 3295 provinciae
949 3220 1073 3273 mature
1085 3207 1283 3276 deliberaret.
1327 3208 1424 3275 Rela-

191 3311 294 3377 tiones
314 3311 459 3377 istarum
470 3309 736 3376 deliberationum
757 3322 899 3397 acceptas
919 3334 957 3377 aa
976 3313 1065 3399 typis
1086 3312 1253 3398 impressas
1273 3313 1424 3379 omnibus

193 3413 361 3502 Episcopis
373 3413 417 3480 ad
431 3413 615 3480 Concilium
625 3414 748 3482 voratis
761 3414 1009 3480 communicatas
1022 3414 1130 3499 fuisse,
1142 3422 1180 3481 ut
1193 3415 1221 3481 si
1235 3438 1317 3503 quae
1330 3415 1424 3503 plura

191 3516 389 3606 suggerenda
410 3516 608 3602 viderentur,
631 3517 858 3605 significarent.
917 3517 1060 3584 Demum
1080 3519 1237 3584 accersitis
1261 3542 1302 3585 ex
1324 3519 1424 3586 variis

192 3622 368 3709 provinciis
391 3621 551 3709 theologis
574 3621 616 3688 ab
641 3620 825 3688 Ordinariis
848 3645 961 3688 eorum
985 3621 1223 3707 commendatis,
1246 3622 1424 3689 Schematis

191 3724 332 3791 Romani
352 3725 510 3810 materias,
531 3723 741 3792 relationibus
763 3724 1048 3813 Metropolitarum
1069 3748 1147 3813 prae
1170 3727 1272 3792 oculis
1293 3726 1422 3811 habitis,

191 3829 226 3896 in
248 3829 386 3895 formam
406 3827 604 3894 decretorum
626 3828 769 3896 redactas
790 3828 897 3897 firisse.
942 3829 1074 3895 Horum
1095 3830 1296 3896 decretorum
1315 3853 1423 3897 exem·

190 3933 263 4022 plar
275 3931 319 3999 sd
333 3955 593 4020 unumquemque
614 3931 813 4020 Episcopum
833 3933 1056 4000 transmissum
1077 3932 1185 4018 fuisse,
1199 3956 1264 4022 quo
1282 3935 1423 4022 paratior

189 4045 286 4125 atque
306 4035 491 4101 instructior
511 4035 554 4102 ad
574 4035 757 4103 Concilium
776 4036 921 4103 acoedere
941 4036 1050 4124 possit.
1098 4037 1184 4104 Cum
1201 4061 1279 4105 vero
1299 4047 1423 4127 praeter

191 4138 389 4206 decretorum
402 4137 538 4205 Schema
550 4161 674 4205 neeesse
694 4138 738 4206 sit
758 4162 836 4227 pras
855 4140 1004 4207 manibus
1023 4139 1140 4206 habere
1160 4141 1306 4207 ordinem
1324 4164 1422 4228 agen·

190 4242 316 4326 dorum,
327 4262 394 4330 quo
406 4248 512 4306 totum
522 4240 662 4308 concilii
674 4242 840 4330 negotium
852 4254 936 4309 recte
948 4242 1147 4330 disponatur,
1157 4266 1191 4309 se
1199 4246 1269 4331 jam
1285 4244 1420 4311 Patrum

190 4343 332 4413 examini
355 4353 389 4410 et
412 4344 636 4430 approbationi
664 4347 850 4414 submittere
877 4346 1024 4412 libellum
1048 4347 1083 4412 in
1109 4369 1175 4434 quo
1201 4347 1422 4434 deputationcs

191 4448 422 4536 theologorum,
443 4447 553 4513 variae
573 4452 832 4537 congregationes
853 4451 1067 4537 cessionesque
1090 4448 1264 4534 habendae,
1284 4452 1422 4518 deliber-

190 4553 267 4618 andi
311 4550 489 4635 methodus,
525 4551 605 4617 ordo
647 4554 846 4638 concionum,
883 4553 1008 4642 aliaque
1047 4553 1144 4642 plura
1185 4566 1420 4642 proponuntur.

320 4674 389 4731 xxiv
