3278 5318
414 462 808 510 coucrrscarrouns
839 464 1223 510 passaruruanns.
1388 445 1436 510 xli

204 617 457 706 metropolitana.
502 618 647 684 Recitata
660 643 717 706 per
732 619 924 707 Delegatum
938 620 1163 706 Apostolicurn
1178 619 1318 685 oratione
1329 620 1436 685 Adsu-

203 746 281 806 maa,
310 722 441 790 brevem
473 722 550 788 fecit
584 723 819 789 allocutionem.
887 723 1050 810 Incipiens
1085 723 1126 789 de
1162 747 1256 810 scopo
1292 724 1437 789 Concilio

203 825 377 915 proposito,
402 827 641 910 animadvertit,
667 850 770 892 unum
802 850 869 893 esse
901 828 1067 914 utriusque
1096 828 1218 895 ordinis
1249 825 1436 893 hierarchici

204 931 300 996 finem
318 940 351 997 et
369 931 579 1018 propositum,
593 932 732 1019 gloriam
747 930 820 1016 Dei,
836 932 997 997 Ecclesiae
1015 932 1288 1019 propagationem,
1302 930 1436 996 salutem

202 1035 393 1102 animarum.
438 1033 653 1102 “Divisiones
666 1058 744 1103 vero
760 1036 938 1123 gratiarum
951 1044 1037 1119 sunt,
1051 1034 1137 1100 idem
1151 1043 1257 1100 autem
1277 1034 1436 1121 Spiritus:

204 1137 251 1203 Et
284 1137 460 1205 divisiones
495 1138 770 1205 ministrationum
806 1149 893 1223 sunt,
922 1138 1009 1204 idem
1037 1148 1143 1205 autem
1173 1138 1354 1205 Dominus:
1391 1138 1437 1204 Et

202 1240 375 1309 divisiones
395 1242 617 1330 operationum
636 1251 723 1327 sunt,
745 1242 830 1308 idem
853 1266 930 1311 vero
958 1242 1058 1327 Deus,
1080 1243 1139 1330 qui
1160 1251 1309 1329 operatur
1329 1242 1438 1308 omnia

203 1344 238 1411 in
259 1344 441 1413 omnibus.''
486 1344 516 1433 (1
531 1346 607 1413 Cor.
623 1364 691 1413 x11.
707 1349 729 1412 4
743 1344 828 1435 sqq.)
871 1346 950 1414 Uno
971 1348 1079 1434 itaque
1099 1346 1207 1412 studio
1228 1354 1323 1433 atque
1343 1344 1438 1411 corde

203 1449 351 1516 omnibus
372 1449 584 1517 laborandum
606 1460 671 1533 est3
694 1460 844 1516 mutuum
865 1451 901 1516 in
923 1450 1061 1516 ferendis
1081 1451 1177 1516 novis
1199 1449 1323 1536 legibus
1344 1448 1437 1515 auxi-

203 1549 286 1618 lium
298 1553 362 1619 sibi
374 1564 534 1641 praestare
546 1552 666 1619 debent
680 1553 834 1641 Episcopi
847 1562 944 1642 atque
963 1553 1142 1641 presbyteri
1157 1554 1284 1619 collatis
1307 1552 1390 1618 inter
1403 1575 1437 1618 se

202 1664 268 1724 tam
289 1657 439 1723 scientiae
459 1680 557 1744 quam
578 1657 791 1744 experientiae
811 1657 963 1725 consiliis.
1008 1656 1180 1744 Quidquid
1202 1656 1288 1721 enim
1310 1680 1350 1721 ex
1371 1679 1438 1721 una

202 1770 293 1848 parte
314 1761 464 1827 conciliat
479 1761 564 1826 clero
585 1760 776 1848 dignitatem
796 1760 858 1848 ipsi
878 1759 1019 1829 debitam
1042 1784 1165 1848 semper
1184 1762 1247 1826 erit
1269 1760 1437 1847 Episcopis

202 1863 465 1951 acceptissimum,
480 1875 513 1931 et
526 1888 568 1930 ex
581 1864 647 1931 alia
659 1887 725 1930 non
746 1873 795 1930 est
816 1864 953 1930 dubium
976 1866 1056 1952 quin
1080 1887 1179 1952 aeque
1201 1865 1286 1930 clero
1309 1873 1437 1950 gratum

202 1967 245 2034 sit
254 1954 413 2056 quidquid
423 1991 534 2035 veram
545 1969 655 2035 foveat
665 1968 900 2057 Episcoporum
913 1969 1143 2036 auctoritatem.
1188 1967 1338 2033 Indivisa
1351 1965 1437 2032 enim

202 2083 278 2138 sunt
291 2072 399 2138 studia
411 2096 449 2138 ac
467 2072 609 2160 dignitas
631 2082 750 2156 nostra,
764 2078 867 2160 neque
887 2073 994 2139 dividi
1015 2082 1159 2159 possunt.
1204 2071 1340 2137 Patrum
1362 2094 1437 2159 ergo

202 2174 396 2241 desiderium
410 2186 458 2241 est
472 2186 509 2241 ut
522 2176 664 2263 theologi
677 2175 720 2242 ad
734 2175 917 2242 Concilium
932 2177 1048 2259 vocati,
1057 2199 1138 2262 quae
1152 2175 1230 2263 ipsis
1244 2176 1279 2240 in
1294 2173 1438 2241 Domino

202 2278 281 2345 bene
294 2279 366 2345 visa
379 2278 501 2345 fuerint
515 2280 597 2345 circa
610 2281 736 2346 decreta
756 2280 919 2368 proposita
933 2281 1085 2367 variaque
1105 2278 1293 2366 disciplinae
1313 2278 1437 2344 eocloei-

202 2383 316 2448 asticae
337 2383 452 2472 capita,
472 2382 570 2448 libere
589 2392 622 2448 et
641 2392 749 2470 aperte
769 2383 939 2451 fateantur.
984 2383 1141 2447 Omnium
1167 2384 1254 2448 enim
1276 2381 1438 2448 mentibus

202 2487 293 2575 quasi
323 2487 461 2552 fratrum
486 2488 521 2553 in
543 2511 647 2553 unum
669 2487 885 2553 habitantium
912 2487 1186 2570 concordantibus,
1213 2486 1356 2573 Spiritus
1380 2485 1439 2552 ille

202 2591 289 2678 pacis
303 2599 336 2657 et
355 2590 496 2675 unitatis,
512 2592 630 2679 dequo
644 2591 678 2658 S.
694 2590 816 2657 Paulus
837 2599 904 2656 tam
925 2591 1059 2679 pulchre
1081 2591 1235 2678 loquitur,
1250 2613 1331 2677 opus
1352 2589 1438 2655 Nos-

202 2703 290 2760 trum
304 2694 345 2760 ad
360 2694 485 2761 felicem
501 2695 625 2760 exitum
640 2695 800 2782 perducet.

245 2799 376 2880 Quibus
403 2799 508 2881 dictis,
532 2798 707 2888 Delegatus
732 2799 939 2886 Apostolicus
968 2800 1136 2866 mandavit
1160 2808 1198 2865 ut
1226 2823 1283 2887 per
1307 2797 1439 2865 Cancel-

202 2901 319 2968 larium
345 2902 504 2991 legantur,
533 2926 614 2990 quae
643 2902 677 2968 in
707 2914 798 2968 coetu
826 2903 973 2969 hesterno
1002 2904 1176 2990 approbata
1204 2915 1291 2987 sunt,
1319 2903 1439 2968 seilicet

203 3004 366 3072 Elenchus
387 3006 611 3094 Synodalium,
630 3007 804 3094 Catalogus
830 3007 1038 3090 Officialiuru,
1057 3007 1148 3072 Ordo
1171 3007 1437 3094 Deputationum‚

202 3108 377 3176 Methodus
405 3111 596 3177 Conciliaris
624 3118 656 3176 et
682 3110 779 3176 Ratio
799 3109 1018 3177 Deliberandi.
1063 3111 1194 3191 Quibus
1215 3110 1387 3196 publicatis
1407 3118 1439 3175 et

203 3209 284 3276 lecto
297 3210 426 3275 Decreta
439 3211 478 3275 de
490 3211 607 3277 Secreto
621 3211 780 3276 &manda
794 3217 821 3275 a
835 3210 989 3276 &domm
1010 3210 1209 3275 Decretorum
1230 3209 1438 3294 Reatitacado,

202 3312 340 3380 Consilii
354 3313 485 3380 Praeses
499 3316 645 3402 rogavit:
668 3317 689 3350 “
699 3313 936 3380 Promittitisne
950 3315 1115 3379 silentium
1130 3337 1190 3380 vos
1204 3337 1314 3380 omnes
1332 3325 1439 3378 sancte

201 3426 393 3502 servaturos,
413 3429 446 3483 et
466 3418 620 3484 tradenda
644 3419 737 3485 vobis
762 3417 971 3483 Decretorum
997 3417 1131 3484 Schema
1154 3418 1290 3483 fideliter
1311 3416 1439 3482 restitu-

201 3520 347 3588 turos‘l''
407 3521 655 3608 Responderunt
683 3521 821 3609 singuli:
857 3522 1050 3586 “Promitto
1086 3545 1143 3609 per
1172 3520 1267 3586 fidem
1297 3519 1439 3586 sacerdo-

200 3624 331 3692 alem?
375 3625 496 3691 Libelli
516 3625 715 3691 decretorum
736 3634 769 3690 et
790 3623 924 3690 Ordinis
945 3625 1168 3713 Agendorum‚
1191 3626 1283 3691 linita
1308 3646 1439 3711 congre·

201 3729 339 3817 geticus,
354 3729 512 3816 theologis
532 3729 698 3795 distributi
719 3739 805 3795 sunt.

246 3831 395 3920 Denique
415 3832 590 3920 Delegatus
611 3833 818 3920 Apostolicus
840 3834 1062 3920 promulgavit
1083 3834 1245 3898 Decretum
1267 3833 1305 3896 de
1326 3833 1439 3897 Prima

202 3936 340 4002 Βεεθέοηο
367 3936 501 4001 &amai
528 3937 667 4003 crastina
695 3935 749 4002 die
777 3935 974 4003 celebranda.
1019 3937 1124 4002 Dictis
1146 3936 1261 4002 deinde
1282 3934 1438 4023 precibus,

203 4061 312 4106 omnes
326 4049 529 4107 recesserunt.
