3278 5318
207 490 276 556 lXVl
352 507 591 555 CONCILIUM
620 506 880 553 PLENARIUM
910 496 1249 555 BALTIMonEn'sn
1277 508 1348 556 111.

205 664 313 730 fructu
327 664 517 730 sacerdotale
530 663 741 729 ministerium
755 662 1006 750 exciperentur,’'
1023 655 1229 730 ab'omnibus
1243 662 1438 731 Nostrarum

205 769 451 834 Provinciarum
474 769 641 856 Episcopis
658 768 809 832 tuendam
831 767 1065 856 fovendumque
1080 790 1147 833 esse
1158 793 1169 852 3
1198 768 1234 832 in
1255 789 1328 834 eam
1350 769 1437 834 mitti

203 873 490 957 deberealumnos,
513 873 656 959 quinon
676 881 803 938 tantum
826 871 911 938 bona
937 873 1078 959 mqtoris
1106 872 1209 938 salute
1237 871 1437 959 sanitateque

204 978 364 1062 fruantur,
380 975 434 1043 sed
449 977 567 1065 quibus
581 988 740 1063 praetcrea
754 975 796 1041 sit
810 987 842 1042 et
854 976 955 1042 animi
969 976 1068 1042 robur
1081 985 1114 1042 et
1127 976 1250 1063 ingenii
1264 976 1436 1063 praeclari·

203 1093 261 1165 tas,
276 1081 322 1148 ita
343 1091 382 1147 ut
402 1091 529 1169 peracto
549 1080 730 1146 studiorum
750 1103 846 1146 eursu
867 1080 946 1166 ipsis
959 1079 994 1145 in
1007 1081 1145 1167 patriam
1158 1080 1294 1147 reversis
1311 1085 1433 1169 majora

204 1210 336 1252 munera
357 1196 428 1251 tuto
449 1185 607 1250 committi
628 1185 761 1271 possint,
783 1207 848 1271 quo
869 1184 997 1250 demum
1019 1185 1055 1250 in
1077 1184 1208 1251 scientia
1228 1189 1436 1254 eoeloeiastim

203 1291 322 1377 optime
336 1290 452 1357 versati
470 1289 637 1376 Episcopis
653 1289 767 1374 majori
787 1287 910 1354 auxilio
930 1288 1035 1354 futuri
1055 1299 1167 1356 essent.
1212 1291 1283 1358 Nec
1296 1305 1436 1380 praeter-

203 1395 404 1479 mittendum,
426 1394 513 1481 quod
534 1393 629 1481 plane
649 1393 784 1480 dignum
805 1393 959 1459 memoria
979 1392 1118 1478 videtur,
1134 1394 1256 1463 scilicet
1276 1410 1437 1488 quotquot

201 1524 242 1565 ex
256 1500 343 1565 almo
358 1500 416 1565 illo
430 1499 532 1566 Urbis
546 1497 681 1584 collegio
690 1496 864 1562 sacerdotes
873 1497 996 1562 alumni
1007 1498 1043 1562 in
1052 1497 1242 1566 dioecesium
1254 1514 1435 1571 nostrarum

201 1605 360 1690 gremium
375 1603 577 1686 reducantur,
592 1611 641 1667 tot
654 1601 767 1666 anulos
782 1601 850 1665 sore
864 1601 1014 1685 firmatos,
1029 1602 1148 1690 quibus
1164 1612 1252 1670 totus
1266 1608 1437 1677 Amerioee

203 1709 340 1774 Nostrae
360 1707 463 1773 clerus
484 1706 613 1771 arctiori
634 1705 751 1771 amoris
772 1712 804 1769 et
825 1704 1021 1771 obedientiae
1038 1728 1124 1771 nexu
1139 1706 1254 1775 Petrae
1268 1710 1436 1780 &manae

202 1821 431 1877 concatenatur.

246 1915 343 1981 Lecta
365 1914 429 1981 luit
449 1916 484 1981 in
506 1915 615 1982 eadem
628 1913 870 2002 congregatione
884 1913 986 1980 Illmi.
1001 1938 1038 1980 ac
1052 1915 1163 1984 Rdmi.
1179 1917 1257 1986 Dni.
1274 1919 1327 1987 De
1341 1922 1437 1991 Neve

201 2019 314 2085 relatio
335 2020 376 2085 de
397 2020 543 2107 Collegio
564 2020 755 2085 Americano
784 2018 989 2085 Levaniensi.
1034 2019 1275 2106 Proposuerunt
1299 2026 1435 2112 quidam

201 2133 239 2189 ut
260 2124 443 2210 designetur
464 2123 656 2189 Commissio
677 2122 868 2188 Praesulum
889 2120 1059 2210 (Ado-iamt)
1084 2123 1264 2214 momine)
1277 2129 1336 2215 qui
1358 2152 1436 2195 eon·

201 2227 282 2293 siliis
291 2230 357 2293 suis
365 2227 499 2331 collegii
502 2226 752 2293 moderatoribus
762 2236 887 2314 praesto
896 2226 1081 2311 sint,donec
1090 2251 1259 2316 progressu
1268 2233 1433 2320 temporis,

201 2332 295 2398 rebus
316 2332 442 2420 collegii
464 2331 574 2415 auctis,
591 2331 801 2417 amplificat-is,
819 2331 1005 2417 firmiusque
1025 2331 1179 2417 solidatis,
1198 2344 1317 2402 cresunt
1336 2338 1434 2403 etium

201 2436 443 2503 Commissionis
464 2435 643 2518 auotoritas,
659 2445 691 2500 et
704 2435 821 2500 evadat
841 2434 1032 2500 Commissio
1045 2436 1191 2522 regendis
1204 2438 1434 2506 administran-

200 2540 312 2627 disque
326 2539 452 2626 eollegii
467 2540 602 2626 negotiis
616 2538 791 2625 (Eeecntiee
804 2537 939 2626 Board).
983 2538 1151 2625 Designati
1172 2551 1278 2606 autem
1300 2542 1434 2612 fuerunt

201 2643 423 2728 Detroitensis,
452 2642 683 2725 Natehetensis,
715 2641 902 2709 Peoricnsis.
946 2641 1256 2729 Oregonopolitanus
1287 2650 1433 2715 exclusuri

200 2747 315 2815 voluit.

226 2903 294 2969 VI.
326 2902 384 2966 Ds
406 2904 631 2968 Annmcnrm
653 2904 862 2969 Srunronun
885 2903 1161 2969 Unrvnnsrrnrn
1183 2904 1406 2975 CarnonrcA.

243 3040 285 3105 In
301 3041 544 3127 congregatione
557 3040 720 3127 trigesima
734 3041 860 3127 privata
874 3040 971 3105 lectae
980 3050 1055 3106 sunt
1070 3041 1178 3106 literae
1188 3043 1432 3128 spectatissimae

203 3143 337 3208 feminae
348 3144 504 3209 Dominae
516 3145 638 3208 Mariae
650 3143 868 3209 Guemlnlinae
878 3142 1042 3226 Cnldn'ell,
1051 3168 1130 3230 qnae
1139 3154 1187 3209 ter
1196 3156 1321 3212 eentum
1330 3150 1433 3215 millia

203 3258 394 3311 scutatorum
415 3269 571 3311 summanr
591 3269 649 3331 pro
665 3246 828 3310 l'umlnnda
844 3245 1006 3312 Catholiea
1026 3246 1204 3312 studiorum
1228 3250 1433 3320 universitate

202 3354 353 3419 Patribus
368 3354 506 3419 Concilii
524 3353 755 3440 disponendam
774 3361 950 3440 paraverat.
995 3351 1100 3418 Dictis
1113 3376 1192 3420 vero
1206 3352 1309 3419 literis
1322 3368 1433 3441 postu·

200 3457 293 3541 lavit,
307 3457 483 3523 dnmmodo
506 3458 658 3523 Patribus
678 3456 824 3544 placeret,
844 3465 882 3522 ut
903 3456 986 3521 inter
1006 3479 1068 3539 eos,
1083 3456 1140 3544 qni
1162 3458 1240 3524 novi
1262 3457 1432 3525 Seminarii

201 3560 404 3647 Principalis,
419 3562 638 3626 universitatis
656 3560 917 3649 primordiorum,
935 3561 1071 3646 negotiis
1089 3562 1237 3648 gerendis
1255 3576 1433 3649 praeessent

200 3664 375 3753 (lacenae
389 3663 526 3750 Bourd),
537 3665 787 3731 adnumerentur
797 3664 925 3730 Revmi.
937 3663 1189 3748 BaltimorensiS,
1204 3665 1431 3752 Bostoniensis,

202 3766 501 3853 Plriladelphiensis,
523 3767 790 3852 Milwankiensis,
813 3767 983 3852 Petrensis‚
1005 3767 1039 3834 S.
1062 3768 1169 3854 Pauli,
1191 3770 1381 3857 PeoricnsiS,
1402 3785 1434 3840 ct

199 3871 299 3937 Adm.
326 3871 410 3937 Rev.
436 3872 577 3937 Joannes
605 3872 656 3940 M.
686 3872 815 3959 Farley,
837 3872 928 3939 Cam.
957 3871 1042 3939 Secr.
1072 3872 1106 3939 S.
1136 3873 1190 3957 S.;
1219 3886 1252 3941 et
1280 3899 1321 3941 ex
1343 3877 1433 3946 laicis

200 3974 334 4041 Domini
364 3974 481 4041 Ruben
510 3976 674 4065 Springer,
704 3975 870 4063 Eugenius
899 3975 1002 4063 Kelly
1026 3986 1059 4042 et
1087 3976 1270 4044 Gulielmus
1299 3979 1431 4066 Drcxel‚

199 4077 410 4144 nummularii
436 4079 593 4145 Catholici
617 4080 702 4146 fama
723 4080 900 4166 opibusque
920 4080 1070 4165 insignes.
1115 4080 1300 4148 Probarunt
1322 4085 1433 4152 Patres

198 4204 235 4247 ca
248 4180 439 4266 conditione,
451 4194 489 4249 ut
503 4184 693 4250 Commissio
707 4183 903 4271 designanda
915 4183 1015 4270 possit
1028 4184 1108 4249 alios
1121 4184 1217 4250 etiam
1232 4186 1432 4274 presbyteros

199 4295 231 4350 et
245 4283 342 4350 laicos
354 4285 430 4369 sibi,
444 4287 472 4350 si
488 4287 577 4369 velit,
592 4286 774 4374 adjungere.

311 4476 401 4544 VII.
437 4477 494 4541 De
516 4480 682 4545 Asamus
705 4478 933 4545 Senmnrnan
955 4479 1100 4546 Sacaan
1122 4481 1321 4551 Vnauosn.

242 4612 285 4677 In
296 4612 405 4679 eidem
413 4618 657 4703 congregatione
667 4616 803 4703 privata,
813 4615 944 4705 quidam
954 4640 973 4684 e
983 4616 1134 4683 Patribus
1143 4618 1280 4684 Consilii
1288 4643 1431 4689 summo-

199 4734 272 4801 pere
285 4719 460 4804 exoptavit,
472 4727 510 4784 ut
522 4719 677 4785 habeatur
689 4720 881 4804 authentica,
891 4743 1037 4808 quaeque
1046 4722 1192 4788 omnium
1203 4723 1287 4789 votis
1300 4747 1431 4811 respon-
