3278 5318
207 514 272 577 292
700 525 945 574 nrpsnnrx.

249 704 325 752 xm.
352 685 394 750 In
408 684 621 772 appellatione
634 706 653 750 a
667 683 824 749 sententia
837 683 952 750 Curiae
966 681 1152 769 episcopalis
1165 680 1208 748 ad
1222 681 1444 770 metropolita·

207 812 280 854 nam
296 789 564 876 Archicpiseopus
579 788 614 852 in
628 811 722 853 musa
735 786 951 874 cognoscenda
963 809 1000 851 ae
1013 784 1194 852 definienda
1206 785 1318 852 eadem
1332 808 1443 873 prooe-

205 892 302 958 dendi
317 893 468 959 methodo
482 902 599 976 utetur,
614 892 744 979 quaein
759 891 820 957 hac
832 891 1040 957 instructione
1053 890 1222 956 indicatur.

247 1014 339 1062 xnn.
370 997 405 1062 Si
425 995 558 1062 clericus
576 997 618 1062 ob
631 1018 813 1062 communes
831 1007 937 1060 reatus
956 1018 977 1060 a
996 978 1089 1060 civili
1101 1003 1254 1082 potestate
1267 994 1443 1083 privilegio

205 1098 268 1165 fori
283 1123 347 1165 non
362 1100 507 1166 obstante
525 1100 684 1188 processui
697 1123 735 1166 ac
748 1098 866 1164 iudicio
880 1099 1076 1178 subiiciatur,
1090 1097 1285 1164 Ordinarius
1297 1121 1441 1164 summa·

205 1204 286 1268 riam
308 1204 564 1270 informationem
587 1203 730 1269 criminis
750 1203 892 1286 assumit,
907 1225 945 1268 ac
966 1201 1110 1289 inquirit,
1128 1224 1207 1266 num
1228 1200 1270 1266 ad
1291 1224 1441 1267 normam

204 1328 365 1373 sacrorum
394 1331 552 1373 (alionum
581 1308 743 1391 infamiae,
772 1305 1010 1394 irregularitati,
1039 1304 1093 1372 vel
1125 1305 1182 1371 alii
1214 1305 1442 1371 ecclesiasticae

204 1412 358 1477 sanctioni
381 1411 468 1477 locus
489 1435 554 1477 esse
575 1410 683 1498 possit.
1012 1405 1023 1441 ⁹

248 1517 300 1581 1⁰.
338 1516 502 1581 Pendente
530 1516 648 1580 iudicio
671 1514 726 1581 vel
755 1515 914 1602 imputato
939 1514 973 1579 in
999 1536 1120 1581 carcere
1144 1512 1272 1579 detento
1296 1512 1441 1600 prudens

203 1618 372 1685 consilium
385 1620 455 1703 crit,
470 1629 508 1684 ut
527 1619 719 1684 Ordinarius
732 1619 947 1684 ordinationes
966 1640 1051 1683 mere
1070 1618 1264 1704 provisorias
1276 1617 1439 1684 adhibeat

247 1724 299 1789 2⁰.
323 1721 449 1788 Iudicio
462 1722 608 1788 absoluto
621 1722 649 1787 si
665 1722 745 1787 liber
759 1731 921 1787 accusatus
934 1722 1124 1805 remittatur,
1139 1722 1239 1789 Curia
1252 1720 1441 1807 episcopalis

203 1825 295 1891 iuxta
314 1826 554 1891 informationes
573 1834 611 1891 nt
629 1849 726 1912 supra
744 1834 921 1911 assumptas
940 1847 977 1889 ea
995 1825 1117 1889 ratione
1135 1823 1292 1911 procedet,
1307 1846 1390 1911 quae
1405 1824 1440 1889 in

202 1928 262 1995 hac
276 1931 483 1996 instructione
496 1930 708 1995 constituitur.
979 2010 983 2018 .

245 2052 351 2099 xum.
382 2033 426 2099 In
440 2033 564 2099 msibus
577 2033 685 2099 dubiis
698 2033 897 2120 diversisque
916 2033 950 2097 in
971 2033 1066 2119 praxi
1079 2030 1322 2097 difficultatibus
1337 2030 1440 2097 Ordi-

202 2138 285 2203 narii
315 2137 444 2203 Sacram
472 2138 556 2204 hano
584 2137 870 2224 Congregationcm
895 2136 1072 2219 consulant,
1098 2144 1135 2199 ut
1158 2136 1377 2201 contentiones
1402 2159 1441 2201 ac

202 2242 384 2307 nullitatcm
405 2251 549 2307 aetorum
570 2240 723 2306 devitent.

244 2363 347 2413 xmv.
377 2345 479 2411 Haud
500 2346 546 2410 ita
567 2344 660 2409 facile
681 2344 797 2410 Curiae
818 2342 1008 2431 episcopales
1023 2345 1064 2410 ad
1078 2344 1195 2410 damna
1208 2343 1261 2409 vel
1282 2366 1439 2431 expensas

200 2449 411 2514 resarciendas
422 2449 566 2514 damnari
581 2457 751 2535 poterunt;
772 2448 895 2534 quoties
909 2449 995 2512 euim
1009 2470 1051 2513 cx
1065 2470 1212 2533 processu
1227 2445 1439 2515 informatius

201 2551 319 2617 indicia
338 2553 526 2618 sufficientia
546 2551 589 2617 ad
609 2553 769 2639 agendum
790 2562 900 2616 eontra
921 2551 1110 2637 inquisitum
1130 2559 1315 2638 appareant,
1337 2551 1437 2617 iudex

200 2655 423 2741 appellationis
436 2679 456 2720 a
469 2655 589 2720 talibus
610 2655 868 2721 damnationibus
888 2655 1054 2738 abstineat,
1068 2677 1143 2719 eum
1157 2678 1194 2719 ca
1208 2653 1327 2719 indicia
1345 2653 1437 2719 suffi-

200 2757 285 2823 ciant
305 2768 344 2823 ut
364 2760 400 2823 in
422 2759 534 2841 iudice,
549 2759 607 2845 qni
628 2768 721 2825 antea
741 2759 902 2845 processit,
916 2782 954 2824 ca
974 2781 1051 2825 vera
1071 2767 1103 2824 et
1124 2759 1254 2845 propria
1274 2757 1438 2825 calumnia

200 2861 398 2945 excludatur,
413 2886 494 2948 quae
508 2862 550 2927 ad
565 2862 750 2927 huiusmodi
764 2861 1002 2927 damnationem
1017 2862 1202 2949 requiritur.

243 2984 330 3032 xsv.
361 2965 501 3033 Concilii
530 2965 672 3031 Plenarii
702 2966 944 3031 Baltimorensis
966 2964 1018 3033 II.
1040 2965 1165 3031 decreta
1184 2989 1218 3033 n.
1243 2968 1307 3033 125
1328 2965 1437 3054 quoad

200 3079 346 3135 natmarn
361 3070 559 3153 missionum,
570 3079 602 3135 ct
616 3093 671 3136 nn.
689 3070 741 3153 77,
755 3072 817 3135 108
828 3069 935 3156 quoad
946 3068 1098 3134 iuridioos
1108 3069 1237 3135 effeetus
1250 3071 1438 3136 remotionis

200 3174 470 3240 missionariorunr
492 3173 534 3239 ab
555 3172 667 3256 officio,
683 3173 867 3239 mdlatenus
887 3173 1041 3239 innovata
1060 3195 1116 3238 seu
1138 3172 1300 3240 infirmata
1314 3174 1438 3239 intelli·

199 3286 331 3365 guntur,
345 3278 445 3343 salvis
466 3278 506 3342 iis
527 3300 607 3364 quae
629 3276 785 3343 recentius
798 3276 839 3341 de
852 3276 999 3363 parochis
1012 3298 1068 3342 seu
1083 3276 1257 3342 rectoribus
1274 3276 1437 3343 inamovi·

200 3378 320 3447 bilibus
333 3382 505 3447 constituta
518 3390 603 3447 sunt

289 3683 530 3760 Iusrnucrro
556 3685 595 3760 S.
621 3683 977 3761 Concnnonrrours
1003 3707 1057 3760 nn
1085 3684 1208 3761 Puer.
1238 3684 1345 3759 Fran

353 3832 356 3837 ·
428 3822 482 3875 nn
507 3800 788 3875 Couurssrouu
815 3800 1207 3876 Isvssrranrrours.*

630 3966 703 4054 [Ad
718 3990 755 4052 p.
774 3969 845 4050 171,
864 3990 895 4033 a.
913 3968 1005 4054 298]

244 4121 405 4204 Quamvis
430 4120 612 4188 Concilium
639 4120 825 4186 Plenarinm
851 4120 1083 4186 Baltimorense
1106 4120 1157 4188 II.
1180 4120 1222 4186 ab
1247 4119 1439 4207 Apostolics

201 4224 282 4293 Sede
310 4226 516 4312 recognitum,
542 4234 657 4289 certam
687 4225 859 4311 qnamdam
889 4224 999 4289 iudicii
1028 4223 1176 4307 formam,
1201 4225 1265 4289 iam
1294 4234 1389 4290 antea
1416 4248 1438 4292 a

200 4330 334 4398 coneilio
348 4328 536 4416 provinciali
558 4326 590 4394 S.
607 4327 767 4393 Ludoviei
785 4329 949 4412 sancitaun,
965 4328 999 4393 in
1013 4328 1233 4395 criminalibus
1249 4328 1437 4394 clericorum

128 4470 132 4477 ’
233 4484 301 4535 *Eu
320 4484 404 4536 titulus
419 4484 523 4553 plenw
552 4482 594 4534 Dc
615 4480 693 4534 modo
719 4480 848 4534 servando
872 4480 907 4533 ab
932 4481 1069 4549 Episeopis
1093 4480 1300 4534 Foederatorum
1325 4480 1438 4549 Septen·

201 4566 322 4619 trionalls
339 4566 477 4618 Amerime
494 4566 617 4618 Statuum
636 4565 665 4617 in
681 4564 865 4631 cognosoendis
883 4573 910 4617 ct
928 4564 1086 4619 deludentis
1104 4564 1189 4618 causis
1207 4563 1392 4617 criminalibus
1406 4568 1438 4618 ct

200 4648 416 4718 disciplinaribus
430 4648 602 4702 clericorum.
