3278 5318
536 533 591 580 nn
619 533 770 581 causrs
799 535 1094 584 cnnmconun.
1365 521 1429 586 287

283 784 525 862 Iusrnucrro
551 786 590 863 S.
617 785 976 863 Concnncarronrs
1000 809 1055 862 nn
1080 787 1207 866 Pnor.
1233 788 1340 864 Frnn

494 922 613 978 crana
640 901 795 978 Causas
825 902 1129 980 ornaremus*

634 1069 706 1157 [Ad
721 1093 758 1156 p.
779 1072 852 1154 176,
871 1092 897 1137 o.
919 1071 991 1157 111.]

238 1222 323 1290 Cum
342 1245 534 1312 magnopere
554 1223 652 1290 huius
665 1222 699 1289 S.
715 1223 853 1290 Consilii
868 1225 996 1290 intersit
1016 1225 1052 1290 in
1072 1225 1288 1293 ecclesiasticis
1301 1227 1428 1293 iudiciis

193 1349 264 1394 cam
282 1327 470 1393 methodum
488 1328 620 1410 servari,
635 1350 717 1414 quae
736 1335 770 1393 et
789 1336 971 1414 temporum
987 1328 1234 1395 circumstantiis
1249 1341 1429 1418 opportune

193 1429 391 1518 respondeat,
405 1437 438 1495 et
450 1429 590 1518 regulari
606 1430 747 1496 iustitiae
759 1429 1040 1515 administrationi,
1055 1453 1113 1496 nec
1126 1454 1192 1497 non
1207 1432 1428 1499 Praelatorum

193 1534 373 1601 auctoritati
385 1534 532 1617 tuendae,
546 1533 747 1622 querelisque
765 1556 893 1600 reorum
912 1535 1138 1621 praecavendis
1157 1559 1215 1622 par
1229 1537 1361 1604 omnino
1373 1538 1426 1621 sit,

192 1637 315 1726 placuit
327 1638 444 1703 iterum
457 1636 499 1703 ad
513 1659 646 1703 examen
659 1637 802 1703 revocari
815 1660 853 1703 ea
866 1640 976 1704 omnia
988 1661 1071 1725 quae
1084 1638 1119 1703 in
1137 1640 1196 1704 hac
1210 1662 1244 1705 re
1257 1663 1317 1727 pro
1331 1641 1427 1707 eccle-

192 1740 249 1809 siis
266 1741 501 1808 foederatorum
520 1741 687 1807 Amerimc
704 1740 970 1828 septentrionalis
988 1741 1138 1808 Statuam
1157 1743 1192 1808 in
1212 1741 1428 1810 Instructione

192 1844 256 1911 diei
270 1847 314 1912 20
325 1844 406 1911 Iulii
419 1845 497 1910 anni
509 1847 594 1912 1878
605 1867 664 1911 nec
676 1868 743 1910 non
757 1845 793 1910 in
807 1847 1011 1932 responsione
1023 1845 1066 1910 ad
1076 1845 1176 1911 dubia
1187 1847 1272 1914 circa
1284 1848 1427 1914 eamdem

191 1949 348 2037 posterius
361 1949 524 2036 proposita
536 1947 790 2016 continebantur.
835 1947 951 2036 Itaque
964 1948 997 2015 S.
1010 1949 1048 2016 C.
1060 1950 1210 2016 omnibus
1223 1960 1347 2016 mature
1356 1974 1427 2038 per-

191 2052 308 2141 pensis,
329 2052 441 2120 SSnro.
463 2051 508 2119 D.
531 2051 576 2119 N.
599 2051 707 2118 Leone
728 2051 799 2120 ΡΡ.
821 2051 934 2118 XIII.
951 2052 1158 2140 approbante,
1179 2053 1257 2120 haec
1277 2077 1359 2142 quae
1379 2077 1427 2119 se·

192 2166 337 2244 quuntur
355 2154 553 2223 observanda
572 2154 726 2240 decrevit,
739 2154 939 2242 praecedenti
958 2156 1176 2222 Instructione
1195 2180 1233 2222 ac
1252 2158 1428 2223 successiva

191 2259 401 2327 declaratione
413 2260 575 2349 abrogata,
590 2259 631 2325 iis
644 2260 783 2346 exceptis
796 2282 879 2347 quae
891 2259 927 2325 in
941 2258 1002 2325 hac
1014 2261 1226 2328 continentur.

235 2383 261 2431 1.
294 2362 487 2430 Ordinarius
508 2385 647 2451 proauo
667 2363 820 2450 pastorali
838 2385 970 2428 munere
989 2372 1115 2429 tenetur
1135 2363 1339 2452 disciplinam
1357 2390 1427 2433 eor·

191 2468 429 2555 reptionemque
441 2467 628 2533 clericorum
649 2467 696 2532 ita
715 2466 887 2555 diligenter
903 2489 1025 2552 curare,
1039 2475 1078 2531 ut
1097 2468 1181 2534 circa
1198 2492 1309 2534 eorum
1324 2493 1427 2537 mores

191 2572 316 2637 assidue
328 2571 452 2658 vigilet,
466 2594 504 2637 ao
516 2570 656 2637 remedia
675 2592 696 2637 a
715 2570 890 2636 canonibus
904 2579 1024 2637 statuta
1036 2571 1107 2636 sive
1119 2573 1344 2658 praecavendis
1357 2575 1427 2640 sive

190 2673 341 2742 tollendis
354 2674 508 2741 abusibus
520 2675 557 2739 in
570 2674 690 2740 olerum
704 2672 878 2761 aliquando
891 2673 1104 2761 irrepentibus
1117 2675 1252 2761 provide
1265 2676 1424 2745 adhibeat.

234 2797 275 2846 11.
304 2778 397 2844 Haec
410 2801 488 2845 vero
501 2778 641 2843 remedia
660 2777 726 2843 alia
741 2779 940 2864 praeceptiva
955 2787 1043 2863 sunt,
1057 2778 1123 2844 alia
1134 2781 1314 2866 represaioc.
1359 2781 1427 2848 Illa

190 2882 320 2971 quidem
344 2880 387 2948 ad
411 2881 643 2970 praepedienda
670 2881 766 2964 mala,
790 2881 1014 2947 scandalorum
1041 2882 1191 2949 stimulos
1219 2884 1424 2971 amovendos,

190 2986 387 3054 voluntarias
400 2986 575 3053 oensiones
595 2993 629 3050 et
648 3007 756 3050 causas
774 2983 817 3050 ad
833 2984 1085 3072 delinquendum
1099 2987 1264 3073 proximas
1276 2988 1425 3054 vitandas

189 3090 388 3156 ordinantur.
431 3089 524 3155 Haec
537 3111 615 3156 vero
635 3110 709 3155 eum
731 3089 767 3154 in
788 3089 886 3153 finem
898 3089 1072 3155 constituta
1084 3098 1170 3172 sunt,
1185 3101 1223 3155 ut
1236 3090 1424 3178 delinquen-

188 3204 237 3260 tes
256 3193 298 3260 ad
320 3192 438 3259 bonam
460 3192 587 3280 frugem
609 3202 806 3276 revocentur,
822 3214 859 3257 ac
879 3192 1047 3279 culparum
1068 3193 1259 3258 consectaria
1280 3195 1424 3261 emedio

188 3297 354 3364 tollantur.

232 3420 286 3469 ΠΙ.
316 3401 533 3468 Conscientiae
554 3399 721 3466 Ordinarii
741 3401 915 3465 remittitur
929 3400 1082 3488 cuiusque
1095 3400 1227 3465 remedii
1240 3401 1421 3487 applimtiO,

188 3505 346 3573 canonicis
359 3488 661 3592 praescriptionibus
674 3505 808 3570 servatis
829 3526 889 3590 pro
910 3526 1040 3568 casuram
1058 3527 1095 3568 ac
1111 3506 1421 3571 circumstantiarum

188 3611 354 3698 gravitate.

231 3730 282 3781 lv.
311 3712 526 3780 PraeventIva
539 3710 679 3777 remedia
691 3720 768 3776 sunt
781 3710 949 3797 praecipue
959 3711 1138 3797 spiritualia
1148 3712 1306 3795 exercitia,
1319 3712 1422 3780 moni-

188 3815 300 3901 tiones,
314 3824 489 3904 praecepta.

231 3939 268 3987 v.
297 3921 482 4008 Antequam
494 3942 573 3987 veno
593 3943 630 3986 ea
650 3918 871 4001 adhibeantur,
885 3919 1060 3984 summaria
1078 3918 1234 3986 factorum
1248 3919 1421 4007 recognitio

187 4025 353 4112 praecedat
366 4032 509 4111 oportet:
529 4023 622 4089 cuius
635 4023 781 4088 notitiam
796 4021 991 4087 Ordinarius
1004 4024 1124 4089 servari
1138 4033 1227 4089 curet
1240 4033 1287 4107 ut,
1298 4025 1326 4089 si
1341 4046 1421 4110 opus

187 4129 239 4212 sit,
250 4128 292 4193 ad
306 4128 458 4194 ulteriora
470 4126 638 4214 procedere
650 4125 761 4213 possit,
772 4134 805 4191 et
819 4134 856 4191 ut
868 4127 1050 4191 auctoritati
1064 4126 1287 4192 ecclesiasticae
1298 4127 1421 4214 superi-

187 4232 252 4299 oris
264 4232 385 4319 gradus
397 4232 433 4297 in
447 4253 521 4297 casu
535 4230 673 4319 legitimi
685 4252 830 4295 recursus
844 4229 944 4295 totius
957 4230 1004 4295 rei
1018 4230 1174 4297 rationem
1188 4229 1309 4297 reddat.

231 4353 282 4401 v1.
304 4334 482 4402 Canonicae
495 4333 686 4399 monitiones
695 4330 750 4400 vcl
763 4342 881 4397 secreto
895 4333 979 4398 fiunt
993 4332 1103 4420 (etiam
1116 4356 1175 4421 per
1187 4334 1354 4420 epistolam
1368 4331 1420 4398 vel

187 4461 246 4526 per
273 4433 698 4526 interpositampersonam)
716 4420 768 4501 ¹ad
793 4435 926 4501 modum
955 4445 1104 4522 paternae
1127 4437 1345 4523 correptionis,
1367 4437 1420 4503 vel

220 4592 238 4625 ⁴*
244 4591 288 4643 En
298 4591 383 4643 tibrim
390 4592 492 4659 plenus.-
509 4589 551 4642 De
561 4588 640 4642 modo
653 4588 785 4641 servando
795 4587 825 4639 in
836 4587 1021 4653 cognoscendis
1031 4595 1058 4641 et
1070 4586 1229 4641 deliniendis
1238 4589 1324 4641 carreis
1334 4588 1422 4641 crimi-

187 4674 293 4727 nalibus
299 4682 326 4726 ct
333 4672 547 4743 disciplinaribus
553 4670 916 4726 elerieomminrosderaan
923 4671 1041 4724 statibus
1047 4672 1187 4725 Amerinus
1193 4672 1421 4741 septentrionalia
