3278 5318
609 490 663 536 nn
692 490 853 538 uus1cn
881 490 1034 538 sacas.
1397 475 1439 538 59

207 645 420 739 fraudatur,
439 646 619 745 fidesque,
637 671 727 722 cum
753 647 916 722 verbum
942 645 1120 722 divinum
1131 646 1217 744 jam
1235 671 1313 720 non
1331 644 1437 722 audi·

207 770 306 857 atur,
332 763 436 862 perit
460 763 647 857 fundituS,
673 763 765 838 hinc
791 763 979 839 effrenata
1002 762 1195 861 cupiditas
1221 767 1262 837 et
1285 787 1439 837 morum

206 880 436 978 corruptela,
466 905 544 979 qua
577 878 618 954 in
652 878 736 956 dies
764 885 968 978 grassante
1000 879 1194 955 societatis
1222 877 1438 978 religiosae,

206 993 332 1070 civilis
349 1001 389 1071 et
405 981 639 1072 domesticae
651 996 808 1071 vincula
824 995 1128 1071 dissolvuntur.”
1176 995 1229 1071 Et
1254 993 1439 1094 quoniam

206 1136 283 1187 non
300 1111 343 1188 id
360 1112 487 1188 solum
504 1114 609 1212 quod
629 1119 733 1188 certo
754 1112 903 1187 malum
920 1118 990 1206 est,
1008 1113 1077 1188 sed
1094 1119 1133 1188 et
1149 1113 1253 1212 quod
1271 1109 1439 1210 speciem

205 1226 323 1303 habet
338 1226 444 1323 mali,
462 1253 506 1303 ac
524 1229 648 1327 magis
665 1229 801 1323 adhuc,
816 1228 920 1328 quod
937 1229 989 1304 ad
1005 1228 1154 1304 malum
1172 1230 1311 1304 ducere
1328 1227 1437 1320 solet,

205 1342 466 1423 aObristiano
483 1343 642 1421 homine
662 1346 797 1421 sedulo
814 1343 933 1421 vitari
951 1346 1070 1440 decet,
1088 1369 1273 1444 generose
1297 1369 1437 1420 renun-

204 1457 304 1536 tient
327 1460 517 1537 Catholici
543 1461 665 1536 nostri
695 1460 997 1537 recreationibus
1030 1462 1210 1537 omnibus
1237 1467 1278 1537 et
1302 1485 1436 1536 avoca·

204 1576 357 1671 mentis,
373 1602 473 1677 quae
498 1577 694 1653 sanctitati
711 1577 788 1654 diei
807 1577 968 1653 Domini
985 1578 1116 1653 minus
1139 1584 1359 1677 congruunt
1375 1576 1438 1653 vel

204 1691 321 1769 etiam
347 1701 485 1793 sponte
510 1718 582 1769 sua
605 1696 754 1770 ducunt
769 1695 821 1770 ad
837 1694 1184 1793 transgressionem
1207 1695 1339 1794 legum
1356 1692 1439 1769 sive

204 1808 427 1886 divinarum
444 1809 528 1886 sive
545 1810 818 1886 humanarum.
871 1809 981 1885 Inter
997 1809 1063 1909 huj
1069 1808 1226 1885 usmodi'
1239 1835 1438 1885 summum

202 1932 305 2002 certe
329 1924 458 2002 locum
483 1931 645 2025 occupat
666 1925 902 2025 popinarum
919 1950 989 2003 seu
1005 1951 1269 2025 cauponarum
1287 1926 1360 2001 hac
1375 1925 1439 2002 die

202 2041 487 2137 commercium,
505 2068 530 2118 a
553 2068 628 2142 quo
662 2042 704 2117 in
738 2042 968 2140 religionem
994 2067 1038 2118 ac
1063 2042 1283 2118 societatem
1308 2048 1368 2119 tot
1395 2067 1440 2119 ao

202 2164 312 2234 tanta
328 2159 545 2235 scaturiunt
567 2162 721 2236 damna.
774 2157 940 2234 Naviter
957 2184 1049 2258 ergo
1068 2159 1246 2234 laborent
1262 2166 1439 2257 pastores

202 2280 439 2374 utunturque
464 2275 753 2369 monitionibus
780 2275 1120 2368 obsecrationibus,
1148 2274 1266 2350 minis
1290 2274 1372 2350 imo
1396 2281 1438 2351 et

201 2391 348 2492 poenis,
373 2390 442 2468 ubi
477 2416 629 2467 necesse
658 2391 786 2486 fuerit,
812 2392 864 2467 ad
893 2391 1044 2468 malum
1069 2391 1142 2466 hoc
1166 2392 1436 2485 evellendum3

202 2515 318 2608 atque
345 2508 400 2584 sic
426 2533 498 2609 pro
526 2515 638 2608 parte
664 2533 735 2583 sua
759 2507 912 2606 juvent,
941 2515 986 2585 ut
1012 2508 1188 2584 deleatur
1216 2507 1331 2584 unica
1356 2507 1438 2583 fere

202 2623 364 2719 macula,
382 2649 481 2723 quae
505 2623 608 2700 inter
633 2649 703 2700 nos
729 2624 854 2724 magis
879 2623 1082 2725 magisque
1106 2624 1183 2701 diei
1210 2621 1437 2700 Dominicae

202 2739 449 2839 splendorem
467 2741 657 2817 obscurat.

649 3129 866 3206 CAPUT
898 3129 985 3207 IV.

614 3296 677 3370 Dn
703 3296 866 3372 Musrcs
892 3296 1038 3371 Sacas.

252 3463 337 3540 114.
373 3463 422 3538 In
447 3486 646 3539 sacrorum
671 3461 819 3537 rituum
852 3461 1109 3537 celebratione
1135 3469 1175 3537 et
1203 3463 1435 3561 praesertim

200 3575 244 3655 in
269 3577 444 3654 sacrificii
465 3578 606 3654 missae
627 3577 821 3654 oblatione
841 3577 1019 3672 solemni,
1037 3577 1211 3654 Ecclesia
1233 3579 1284 3653 ab
1310 3587 1436 3655 aetate

202 3694 430 3793 Apostolica
454 3720 577 3795 usque
601 3695 653 3770 ad
677 3718 749 3769 nos
775 3718 846 3769 usa
861 3700 922 3770 est
937 3694 1202 3769 modulatione
1227 3695 1376 3770 musica
1392 3701 1438 3772 ut

203 3810 361 3888 affectus
374 3811 578 3888 hominum
590 3808 731 3902 melius
744 3816 973 3908 provocaret
988 3809 1030 3884 in
1050 3810 1188 3904 Deum,
1203 3817 1243 3886 et
1259 3810 1435 3910 magnifi-

202 3927 350 4005 centius
376 3926 504 4003 Deum
529 3927 682 4003 coleret.
734 3925 905 4021 Etenim,
923 3932 968 4003 ut
992 3927 1030 4002 S.
1053 3926 1225 4002 loannes
1250 3925 1435 4027 Ohrysos·

202 4051 332 4122 tomus
364 4043 652 4138 animadvertit,
684 4042 740 4143 (in
767 4043 833 4119 Ps.
855 4045 918 4119 41.
939 4069 976 4120 n.
1002 4045 1053 4143 1.)
1093 4043 1226 4117 “nihil
1262 4044 1436 4118 animam

202 4186 322 4262 aeque
338 4162 463 4262 erigit,
477 4162 695 4261 elatamque
712 4161 998 4259 quodammodo
1015 4159 1141 4254 efficit,
1159 4166 1275 4259 atque
1291 4186 1316 4235 a
1332 4166 1438 4236 terra

100 4295 109 4309 ·
203 4277 353 4372 liberat,
367 4303 412 4354 ac
426 4278 593 4353 exsolvit
608 4304 633 4353 a
648 4275 816 4352 vinculis
829 4275 1004 4375 corporis
1020 4282 1060 4352 et
1076 4301 1209 4351 amore
1223 4275 1437 4374 sapientiae

202 4395 328 4488 afficit,
345 4402 386 4471 et
401 4393 551 4495 perficit
567 4402 689 4470 utres
712 4417 848 4468 omnes
865 4393 916 4467 ad
932 4391 1033 4467 hanc
1049 4391 1172 4467 vitam
1198 4391 1436 4491 pertinentes

200 4511 372 4605 irrideat,
390 4511 489 4586 sicut
513 4508 789 4586 modulationis
814 4515 951 4584 cantus
975 4514 1016 4583 et
1040 4507 1219 4584 divinum
1245 4506 1436 4583 canticum

201 4652 363 4703 numero
380 4625 673 4726 compositum.’'
